2251 2948
110 2889 224 2948 μ
256 2936 259 2941 .
607 2936 613 2940 .
850 2929 856 2948 η.
1276 2863 1295 2944 ,³³

1122 299 1161 331 11

196 405 310 437 inesse
332 403 470 436 fabulae
493 402 575 434 dicit
598 402 752 444 Boeckh.
797 401 869 434 Sed
896 402 930 434 in
953 403 1113 435 universa
1135 403 1279 435 Adrasti
1308 402 1425 435 fabula
1453 403 1514 435 vix
1537 403 1734 445 quisquam,
1764 403 1825 445 qui
1854 412 1995 435 carmen
2018 403 2077 434 vel

196 458 315 491 audiat
330 457 388 489 vel
410 457 515 499 legat,
532 455 684 488 Chromii
698 455 818 487 laudes
832 455 944 488 inesse
958 456 1100 489 bellicas
1115 456 1213 490 facile
1228 456 1293 489 sibi
1308 458 1535 499 persuadebit,
1551 458 1752 499 praesertim
1776 468 1857 490 cum
1873 457 2076 490 Chi-omium

195 522 309 554 neque
332 511 488 543 Adrasto
511 520 625 552 neque
648 508 863 551 Amphiarao
886 512 1155 552 comparandum
1179 521 1255 544 esse
1277 511 1351 553 ipse
1374 511 1518 544 Boeckh
1541 512 1757 545 concesserit

306 564 373 598 His
403 565 448 597 de
478 564 590 597 causis
619 563 746 596 Dissen
775 563 878 596 aliam
907 565 1085 607 proposuit
1115 564 1252 598 fabulae
1282 565 1505 608 explicandae
1535 566 1716 601 rationem.
1775 566 1833 599 Ac
1863 565 2073 608 sententiam

194 620 335 664 quidem
358 618 539 652 universae
562 618 699 651 fabulae
722 618 912 651 subiectam
934 619 1083 661 primum
1106 624 1274 662 spectans.
1297 620 1420 653 deinde
1442 620 1595 653 fabulam
1625 631 1829 663 comparans
1852 631 1933 654 cum
1956 630 2076 663 „prae-

193 674 388 712 sentibus“,
419 683 505 715 quas
535 672 632 711 dicit,
662 672 821 705 carminis
850 674 968 711 rebus,
998 673 1142 706 Adrasti
1170 674 1288 706 tabula
1315 679 1454 716 poetam
1487 674 1659 706 deterrere
1688 675 1838 707 voluisse
1868 674 2073 708 Chromium

143 742 146 744 ’
192 728 436 772 principesque
451 726 697 769 Syracusanos,
720 737 764 758 ne
786 736 880 758 nova
897 727 1098 759 molirentur
1112 728 1210 764 bella,
1229 728 1294 760 sibi
1311 728 1503 769 persuadet.
1548 727 1596 759 Et
1608 727 1799 760 Hieronem
1815 732 1851 759 et
1865 727 2069 760 Chromium

192 782 263 815 iam
288 790 463 813 summam
487 784 663 812 assecutos
686 789 763 812 esse
787 779 933 823 gloriam
957 779 1124 813 bellicam.
1170 780 1258 813 Cum
1281 780 1392 824 gloria
1414 785 1531 813 autem
1554 791 1596 814 ac
1615 781 1769 823 potentia
1783 781 1933 814 crevisse
1948 791 2071 814 eorum

192 835 419 871 ambitionem
443 844 485 867 ac
506 844 620 867 novae
642 834 774 878 gloriae
797 833 1000 877 cupidinem.

304 889 359 922 Ut
381 889 455 921 aliis
478 888 686 921 carminibus
709 888 841 927 multis,
872 888 920 921 ita
948 893 1066 921 nostro
1094 898 1231 931 quoque
1261 888 1494 920 commendari
1523 888 1794 921 moderationem
1817 889 1899 921 viris
1929 898 2069 921 summa

191 944 321 976 virtute
364 952 570 984 summaque
606 943 709 974 laude
738 942 828 980 ‚beni
862 942 1061 985 insignibus.
1121 942 1353 974 Insatiabilem
1391 941 1521 984 gloriae
1556 941 1754 974 aviditatem
1788 942 1967 984 displicere
1995 941 2071 973 diis.

192 996 297 1030 Hane
322 995 528 1028 sententiam
551 995 664 1027 inesse
693 994 729 1027 in
758 994 877 1027 fabula
905 995 1116 1028 de'Adrasti
1144 995 1385 1037 exercitusque
1406 995 1535 1038 Argivi
1563 994 1701 1028 interitu
1730 1000 1877 1030 narrata.
1930 994 2011 1037 Qua
2032 995 2069 1028 in

191 1049 387 1083 narratione
412 1048 596 1081 nonnullas
618 1059 682 1086 res,
706 1053 745 1081 ut
767 1048 863 1080 litem
886 1049 975 1081 inter
996 1049 1189 1091 Adrastum
1213 1054 1249 1081 et
1271 1048 1523 1090 Amphiaraum
1547 1053 1720 1086 exortam,
1750 1059 1863 1089 neque
1892 1050 1938 1080 ad
1961 1048 2070 1080 Chro-

191 1104 300 1135 mium
324 1112 440 1143 neque
463 1101 721 1132 ad-Hieronem
744 1101 914 1142 pertinere
936 1103 998 1133 sed
1021 1103 1065 1133 ad
1088 1101 1319 1133 necessarium
1342 1101 1503 1133 historiae
1525 1100 1687 1134 fabularis
1709 1111 1850 1135 nexum.

302 1154 382 1198 Qua
406 1155 441 1187 in
463 1154 612 1187 Dissenii
634 1154 915 1197 interpretatione
937 1155 1090 1188 Leutsch
1118 1156 1186 1188 hoc
1215 1155 1448 1197 reprehendit,
1477 1156 1571 1197 quod
1593 1156 1701 1188 altera
1729 1155 1868 1188 fabulae
1889 1166 1970 1197 pars
1993 1157 2071 1188 sola

190 1210 408 1252 respiciatun
431 1209 504 1251 ipse
527 1201 644 1241 autem
667 1208 864 1241 universam
887 1209 1039 1241 fabulam
1060 1210 1105 1241 ad
1120 1210 1220 1241 unius
1236 1209 1388 1241 Chromii
1405 1219 1460 1241 res
1475 1213 1625 1241 revocat.
1671 1208 1832 1241 Chromio
1846 1219 1911 1250 per
1924 1219 2066 1241 omnem

189 1264 300 1297 vitam
323 1264 455 1295 multos
477 1262 691 1294 adversarios
713 1262 832 1301 fuisse:
861 1262 897 1294 id
920 1272 967 1294 ex
988 1273 1126 1294 summa
1154 1262 1218 1294 viri
1247 1262 1416 1304 dignitate
1445 1272 1558 1304 neque
1587 1261 1700 1294 minus
1730 1273 1751 1294 e
1779 1272 1895 1295 rerum
1918 1261 2069 1305 Syracu-

188 1327 352 1351 sanarum
379 1315 578 1349 condicione
600 1314 700 1348 facile
722 1315 839 1359 colligi
861 1326 971 1358 posse,
994 1321 1172 1359 praeterea
1194 1316 1275 1358 ipsis
1298 1315 1436 1348 Pindari
1458 1316 1572 1348 verbis
1603 1316 1828 1358 comprobari.
1876 1315 1932 1358 (N.
1956 1316 1982 1350 1.
2008 1327 2068 1356 24:

188 1371 337 1412 λέλογχε
360 1368 397 1401 δὲ
418 1369 651 1410 μεμφομένοις
674 1368 795 1400 ἐσλούς
823 1366 925 1408 ὕδωρ
946 1368 1075 1409 καπνῷ
1096 1369 1215 1409 φέρειν
1237 1367 1358 1399 ἀντίον
1380 1368 1468 1411 κτλ.)
1515 1369 1570 1400 Ita
1598 1368 1673 1401 fieri
1695 1369 1863 1410 potuisse,
1893 1374 1932 1401 ut
1955 1368 2064 1401 Chro-

188 1423 279 1456 mius
302 1422 512 1465 aliquamdiu
536 1421 650 1464 gratia
672 1421 833 1454 Hieronis
862 1422 989 1454 amissa
1017 1423 1260 1454 demoveretur
1289 1432 1311 1453 a
1332 1421 1476 1464 publicis
1499 1421 1663 1465 negotiis,
1685 1414 1892 1465 paulopost
1914 1423 1973 1455 vel
2003 1433 2068 1456 sua

187 1477 294 1520 ipsius
317 1476 502 1519 prudentia
524 1476 581 1508 vel
603 1475 790 1513 Aristonoi¹
813 1476 931 1508 uxoris
953 1476 1074 1513 fratris,
1098 1476 1226 1508 auxilio
1250 1476 1366 1517 (sehoL
1389 1475 1431 1507 N.
1453 1475 1527 1513 IX„
1552 1476 1615 1517 95.)
1638 1486 1757 1508 rursus
1779 1476 1931 1518 primum
1954 1476 2068 1519 digni-

187 1531 270 1564 tatis
293 1535 403 1573 atque
426 1529 565 1562 honoris
588 1533 855 1571 consequeretur
877 1530 1034 1572 gradum.
1080 1529 1183 1562 Hanc
1206 1533 1322 1561 autem
1339 1538 1454 1561 rerum
1470 1528 1696 1561 mutationem
1711 1534 1851 1570 poetam
1867 1530 2063 1570 respexisse

187 1585 298 1617 videri
334 1594 402 1615 vss.
441 1593 580 1623 ii—17.
636 1582 796 1614 Alteram
828 1581 965 1614 fabulae
997 1587 1131 1624 partem
1165 1581 1324 1625 (18—27)
1358 1582 1509 1614 Leutsch
1540 1592 1620 1614 cum
1652 1582 1812 1614 Dissenio
1844 1584 1890 1615 ad
1922 1583 2066 1615 consilia

187 1639 360 1681 quaedam
376 1636 500 1669 bellica
513 1636 626 1674 refert,
634 1646 723 1678 quae
735 1635 933 1668 Chromium
947 1635 1150 1668 meditatum
1166 1646 1242 1668 esse
1258 1646 1337 1668 cum
1353 1635 1513 1667 affinibus
1536 1636 1606 1667 suis
1622 1636 1754 1670 conicit.
1788 1636 1914 1668 Verbis
1932 1637 1971 1668 ἐν
1991 1636 2068 1679 γὰρ

190 1692 398 1733 δαιμονίοισι
430 1689 573 1734 φόβοισι
601 1688 770 1733 φεύγοντι
797 1690 858 1721 καὶ
884 1689 1008 1721 παῖδες
1036 1691 1131 1723 θεῶν
1160 1689 1291 1723 moneri
1320 1689 1495 1728 victorem,
1524 1700 1569 1722 ne
1591 1690 1693 1723 nimis
1721 1689 1910 1723 confideret
1938 1691 2070 1723 viribus

187 1745 260 1777 suis
291 1745 454 1786 quamvis
484 1744 653 1776 maximis.
706 1743 867 1774 Fortasse
895 1742 1094 1775 Chromium
1125 1748 1325 1785 ceterosque
1355 1743 1524 1785 principes
1546 1743 1783 1786 Syracusanos
1813 1749 1934 1776 contra
1956 1743 2069 1777 Acra-

189 1802 334 1843 gantem
367 1803 403 1831 et
427 1798 609 1831 Himeram
638 1797 769 1831 bellum
799 1795 936 1830 molitos
966 1807 1057 1836 esse,
1086 1797 1211 1840 quibus
1240 1797 1382 1830 urbibus
1401 1797 1557 1836 Graecis,
1586 1803 1627 1830 ut
1654 1804 1849 1841 parcerent,
1878 1799 2068 1831 Pindarum

187 1852 340 1885 voluisse
363 1852 514 1885 carmine
537 1862 601 1884 suo
624 1850 770 1884 efficere.

300 1906 463 1939 Fortasse
486 1906 590 1939 etiam
614 1916 721 1938 unum
745 1916 792 1939 ex
810 1905 962 1938 Chromii
983 1905 1181 1947 propinquis
1197 1905 1450 1948 (Aristonoum)
1474 1906 1576 1944 idem,
1595 1906 1689 1948 quod
1704 1906 1901 1944 Pindarum,
1920 1906 2069 1938 sensisse

185 1970 231 1992 ac
245 1956 385 1992 'bellum
409 1964 531 1992 contra
553 1959 705 1992 Graecos
727 1959 804 1992 illos
822 1958 1076 2001 suscipiendum
1100 1959 1308 1997 dissuasisse,
1336 1969 1381 1990 ne
1404 1958 1506 1991 unius
1524 1959 1588 1991 viri
1610 1959 1753 1991 ambitio
1775 1960 1935 2002 perderet
1956 1964 2067 1991 totam

186 2017 346 2057 gentem.
391 2013 446 2046 Ita
476 2013 582 2046 etiam
611 2013 655 2045 de
678 2012 883 2055 Amphiarai
911 2023 1058 2054 persona
1087 2012 1122 2044 in
1152 2012 1304 2045 fabulam
1334 2013 1462 2044 inserta
1492 2013 1591 2045 facile
1613 2024 1716 2055 posse
1739 2014 1855 2046 conici.
1901 2012 2069 2045 Concedit

187 2067 329 2107 quidem
361 2067 415 2099 vir
445 2067 663 2099 doctissimus
692 2066 766 2108 ipse
794 2067 885 2099 hanc
914 2076 1014 2098 suam
1043 2065 1180 2098 fabulae
1211 2066 1489 2108 explanationem
1526 2077 1667 2109 prorsus
1700 2067 1736 2099 in
1767 2067 1962 2099 coniectura
1991 2076 2070 2099 esse

134 2164 136 2166 q
186 2120 357 2162 positam;
399 2121 461 2153 sed
495 2121 728 2154 coniecturam
763 2131 862 2152 suain
905 2120 986 2152 dicit
1021 2120 1150 2161 optime
1185 2120 1402 2161 comprobari
1442 2119 1706 2162 confirmarique
1747 2121 1867 2163 reliqui
1908 2120 2068 2152 carminis

174 2179 407 2216 argumento.
453 2174 525 2207 Sed
559 2174 727 2207 eiusmodi
761 2173 977 2206 coniecturae
1012 2184 1091 2206 cum
1127 2173 1316 2205 admodum
1350 2173 1501 2206 incertae
1533 2178 1609 2206 tum
1643 2184 1714 2206 non
1747 2174 1960 2207 necessariae
1989 2184 2069 2206 esse

189 2227 351 2259 videntur
374 2229 419 2259 ad
441 2228 756 2270 interpretationem
780 2227 949 2259 carminis.

299 2280 435 2313 Fabula
463 2281 508 2314 de
537 2279 683 2314 Adrasti
711 2284 804 2313 sorte
833 2280 946 2322 deque
976 2280 1149 2312 exercitus
1171 2279 1300 2324 Argivi
1328 2280 1468 2313 interitu
1497 2286 1636 2314 narrata
1665 2282 1755 2314 hanc
1784 2281 1884 2313 nobis
1913 2281 2068 2313 maxime

185 2333 395 2366 sententiam
425 2339 529 2376 poeta
559 2339 639 2366 ante
669 2335 788 2366 oculos
817 2334 929 2375 ponit:
962 2335 1074 2375 puniri
1096 2345 1118 2365 a
1147 2335 1211 2366 diis
1241 2335 1437 2376 superbiam
1466 2336 1670 2372 humanam,
1701 2335 1805 2366 etiam
1834 2334 2066 2366 nobilissimos

185 2386 311 2418 heroas
334 2387 548 2429 deorumque
570 2386 658 2419 filios
680 2386 825 2428 perisse,
861 2386 892 2418 si
914 2387 997 2428 quid
1024 2387 1130 2419 nimia
1158 2398 1239 2420 cum
1262 2388 1450 2420 ambitione
1477 2388 1543 2420 diis
1565 2388 1679 2420 invitis
1701 2393 1835 2420 tentare
1857 2387 2066 2420 studuerint:

186 2440 225 2472 ἐν
240 2438 316 2482 γὰρ
328 2440 533 2473 δαιμονίοισι
543 2442 617 2473 κτλ.
649 2440 752 2482 Quod
768 2440 920 2483 elogium
936 2441 1104 2482 exemplis
1115 2441 1259 2473 Adrasti
1270 2447 1306 2473 et
1312 2442 1516 2482 Amphiarai
1531 2442 1661 2483 optime
1678 2442 1885 2473 illustratum
1897 2441 2065 2472 videmus.

185 2492 250 2524 Ille
264 2492 376 2535 Argis
399 2494 519 2534 pulsus
542 2498 660 2525 tamen
682 2503 747 2525 rex
762 2499 837 2526 erat
858 2493 1099 2531 nobilissimus,
1123 2494 1182 2535 qui
1199 2493 1349 2536 Sicyone
1372 2494 1471 2526 novis
1494 2494 1615 2526 diebus
1637 2493 1733 2526 festis
1751 2493 2066 2534 certaminibusque

184 2544 324 2577 ludicris
353 2546 498 2578 conditis
528 2546 563 2578 in
591 2546 667 2588 ipso
696 2546 799 2579 exilio
828 2546 893 2579 sibi
927 2546 1074 2589 gloriam
1109 2547 1282 2588 paraverit
1311 2548 1405 2579 haud
1433 2557 1587 2589 parvam.
1645 2547 1753 2579 Haud
1774 2547 1823 2579 ita
1850 2546 1961 2578 multo
1983 2551 2065 2588 post

184 2599 368 2640 prudentia
389 2610 453 2632 sua
469 2599 590 2637 effecit,
612 2605 652 2632 ut
666 2600 787 2642 Argos
809 2599 935 2631 rediret
950 2610 992 2631 ac
1006 2609 1124 2631 rursus
1139 2599 1238 2632 fieret
1256 2610 1345 2631 unus
1364 2610 1384 2631 e
1399 2600 1644 2642 potentissimis
1659 2600 1868 2642 principibus
1887 2598 2066 2634 Graeciae.

184 2650 241 2684 Ita
264 2655 381 2684 autem
411 2652 447 2684 in
469 2662 645 2685 summum
670 2652 847 2696 fastigium
878 2652 1009 2696 gloriae
1039 2663 1081 2685 ac
1108 2653 1282 2695 potentiae
1312 2657 1509 2685 emerserat.
1558 2653 1681 2695 Neque
1710 2658 1829 2685 tamen
1857 2653 1930 2686 suis
1958 2654 2067 2686 rebus
