2251 2948
1965 0 2251 203 Ἴ

276 404 347 436 Sed
383 404 449 435 alia
478 403 615 434 Pindari
651 402 804 434 carmina
840 402 1126 443 monostrophica
1162 402 1337 433 eiusmodi
1370 402 1539 443 epistolae
1571 402 1728 443 poeticae
1757 407 1853 434 certo
1883 412 1955 434 non
1979 408 2073 435 sunt.

166 459 289 500 Neque
314 458 405 489 enim
430 463 501 489 tam
526 456 644 488 brevia
662 461 743 487 sunt
766 466 872 497 quam
891 466 940 492 ea,
965 466 1055 497 quae
1071 466 1177 497 supra
1195 455 1559 493 commemoravimus,
1583 466 1698 497 neque
1717 466 1838 487 eorum
1858 462 2072 498 argumenta

165 512 346 554 epistolam
371 511 543 552 quandam
567 510 725 541 indicant.
773 509 985 550 Complures,
1010 510 1107 541 velut
1131 509 1172 541 N.
1197 509 1271 546 IX„
1296 514 1370 540 tam
1391 509 1562 551 perpolita
1587 514 1677 547 sunt,
1701 514 1737 542 et
1761 509 1881 541 metris
1904 514 1940 541 et
1962 520 2071 552 argu-

166 566 291 598 mentis
310 571 381 597 tam
403 564 585 606 praeclara,
605 569 643 595 ut
658 574 728 596 non
748 564 849 595 liceat
861 563 1015 606 cogitare
1029 564 1226 600 Pindarum,
1247 573 1327 595 cum
1345 573 1387 594 ea
1403 562 1557 595 carmina
1568 567 1803 605 componeret,
1819 564 1891 595 otio
1906 563 2071 596 caruisse.

277 619 436 652 Ceterum
462 617 620 651 Schmidt
652 618 725 660 ipse
755 618 914 650 concedit
937 617 1012 649 fieri
1035 617 1190 659 potuisse
1218 617 1323 649 variis
1352 617 1396 649 de
1425 616 1551 654 causis,
1587 621 1627 648 ut
1654 622 1761 658 poeta
1784 617 2072 659 monostrophica
2248 626 2251 636 ³

166 674 277 705 forma
301 679 454 704 uteretur
476 683 539 714 pro
564 676 762 711 nepzuonais
794 672 872 708 illis,
903 683 993 713 quae
1018 683 1039 703 a
1062 671 1262 704 Stesichoro
1286 672 1428 703 inventa
1450 671 1608 713 vulgaris
1631 671 1825 703 carminum
1850 671 2069 704 choricorum

165 728 277 759 forma
301 727 394 758 tacta
418 731 481 758 est.

275 781 440 813 Thiersch
469 781 551 812 dicit
579 780 731 812 carmina
761 781 1043 822 monostrophica
1071 780 1218 812 fortasse
1247 781 1282 811 in
1316 790 1467 822 pompae
1495 779 1656 822 ingressu
1687 784 1828 811 cantata
1856 790 1934 811 esse
1957 791 2072 822 eaque

166 836 240 867 sola
259 836 306 867 ita
330 835 459 867 cantari
485 834 648 877 potuisse.

276 890 347 922 Sed
370 901 414 922 ne
439 901 546 922 unum
577 901 623 921 ex
646 890 685 921 iis
710 890 920 921 carminibus
953 895 1048 922 certo
1072 891 1186 921 dicere
1209 900 1397 931 possumus
1421 894 1599 922 cantatum
1624 899 1702 921 esse
1725 888 1760 920 in
1784 899 1916 930 pompa
1943 889 2069 921 urbem

169 944 384 986 ingrediente
413 944 470 975 vel
493 954 556 985 per
578 944 652 974 vias
676 944 770 975 urbis
794 945 1014 985 procedente.
1061 943 1116 975 Ol.
1140 943 1241 979 XIV,
1281 955 1319 983 14
1343 948 1379 974 et
1403 943 1446 974 N.
1474 943 1519 976 11.
1544 953 1586 982 24
1616 945 1735 981 κῶμος
1763 947 2070 979 commemoratur,

168 998 281 1036 (τόνδε
303 998 428 1036 κῶμον
451 997 499 1029 ἐπ’
524 996 654 1036 εὐμενεῖ
687 996 782 1038 τύχᾳ
807 1001 933 1037 κοῦφα
965 999 1133 1037 βιβῶντα
1156 1002 1192 1029 et
1216 993 1245 1030 ὠ
1269 999 1406 1029 πολῖται
1428 994 1624 1036 κωμάξατε
1654 994 1844 1037 Τιμοδήμῳ
1862 995 1931 1027 σύν
1953 994 2073 1028 εὐκλέϊ

169 1050 283 1091 νόστῳ
299 1051 361 1081 Ed.
379 1051 526 1093 Bergk.)
546 1052 608 1082 sed
626 1051 682 1087 ita,
699 1056 738 1082 ut
754 1052 971 1091 probabilem
987 1052 1219 1083 coniecturam
1242 1052 1285 1082 de
1298 1050 1460 1081 cantandi
1478 1050 1612 1081 ratione
1630 1050 1711 1081 inde
1729 1049 1844 1081 facere
1867 1060 1938 1080 non
1957 1049 2070 1081 liceat.

167 1104 250 1136 Alia
273 1105 433 1142 carmina,
458 1115 547 1146 quae
571 1105 605 1136 in
629 1115 759 1147 pompa
789 1110 929 1136 cantata
959 1116 1037 1136 esse
1068 1106 1178 1148 vulgo
1210 1105 1385 1142 dicuntur,
1417 1115 1463 1136 ex
1493 1104 1644 1146 strophis
1674 1114 1755 1135 cum
1786 1103 2010 1145 antistrophis
2033 1109 2072 1135 et

168 1159 287 1201 epodis
312 1160 504 1201 composita
527 1164 617 1197 sunt,
641 1160 738 1191 velut
763 1158 817 1192 Ol.
841 1159 906 1193 XI.
932 1158 1007 1201 (X),
1031 1160 1135 1194 XIII.

278 1213 337 1244 Ex
353 1213 465 1244 forma
475 1214 763 1254 monostrophica,
780 1224 849 1254 qua
865 1214 1004 1250 ratione,
1022 1214 1055 1245 in
1073 1225 1247 1255 pompane
1266 1225 1310 1245 an
1323 1214 1382 1245 ubi
1392 1224 1522 1254 pompa
1538 1213 1736 1250 constiterit,
1753 1214 1907 1244 carmina
1924 1213 2072 1253 epinicia

174 1270 314 1297 cantata
332 1266 409 1303 sint,
434 1272 528 1298 recte
545 1266 662 1309 colligi
681 1277 750 1298 non
767 1271 891 1308 potest.
938 1267 1018 1309 Ego
1043 1268 1185 1309 quidem
1206 1268 1290 1299 mihi
1310 1268 1521 1309 persuadere
1541 1277 1611 1298 non
1635 1267 1733 1308 potui
1749 1277 1857 1298 unum
1873 1267 2071 1297 alterumve

168 1330 308 1351 carmen
332 1320 551 1352 Pindaricum
581 1321 615 1352 in
639 1331 769 1362 pompa
797 1321 1006 1362 procedente
1030 1327 1209 1353 cantatum
1234 1332 1310 1353 esse
1334 1321 1489 1362 exceptis
1513 1321 1567 1358 iis,
1603 1331 1693 1362 quae
1722 1331 1769 1352 ex
1796 1320 1872 1362 ipsa
1899 1320 2063 1352 cantandi

168 1373 300 1404 ratione
324 1373 496 1411 προσόδια
520 1375 795 1415 appellabantur,
836 1379 940 1415 atque
964 1374 992 1405 si
1016 1375 1204 1406 memoriae
1236 1375 1411 1416 proditum
1436 1379 1488 1406 est
1518 1374 1671 1406 carmina
1694 1375 1867 1415 quaedam
1893 1373 1931 1404 ἐν
1954 1373 2070 1413 κώμῳ

169 1433 308 1459 cantata
328 1439 412 1464 esse,
429 1429 513 1460 illud
525 1428 562 1458 ἐν
579 1428 690 1468 κώμῳ
707 1428 755 1460 ita
774 1429 1037 1470 intelligendum
1055 1440 1131 1461 esse
1142 1430 1226 1466 dico,
1243 1435 1283 1461 ut
1301 1429 1557 1470 unumquodvis
1573 1439 1713 1460 carmen
1726 1429 1878 1460 ἐπίνικον
1888 1432 2069 1460 cantatum

170 1492 246 1512 esse
271 1487 474 1518 statuamus,
490 1482 549 1513 ubi
571 1482 720 1523 primum
737 1493 865 1523 pompa
889 1483 932 1513 ad
958 1493 1097 1514 carmen
1123 1484 1332 1514 cantandum
1357 1482 1555 1514 constiterit.
1603 1480 1674 1513 Sed
1695 1483 1739 1513 de
1763 1492 1805 1513 ea
1828 1492 1865 1513 re
1889 1482 1946 1513 alii
1969 1482 2070 1513 aliter

168 1535 414 1567 iudicaverunt.
473 1536 578 1568 Velut
604 1536 727 1568 Dissen
752 1537 851 1568 Nem.
872 1537 936 1571 IX.
960 1548 981 1568 a
1005 1538 1111 1569 choro
1135 1538 1343 1578 procedente
1362 1541 1539 1569 cantatum
1559 1537 1605 1574 ob
1621 1547 1769 1578 eamque
1785 1546 1927 1568 causam
1947 1546 2070 1568 mono-

168 1590 341 1630 strophice
365 1591 594 1631 compositum
619 1601 694 1622 esse
711 1591 862 1626 coniecit,
888 1592 942 1622 cui
967 1592 1136 1623 contraria
1162 1597 1214 1622 est
1236 1592 1432 1632 conjectura
1456 1591 1492 1622 L.
1514 1590 1708 1628 Schmidtii,
1742 1591 1801 1632 qui
1820 1591 1921 1622 Nem.
1940 1591 2007 1622 IX.
2031 1591 2067 1621 in

171 1642 322 1675 Chromii
340 1644 481 1676 aedibus
506 1645 550 1676 ab
570 1645 642 1676 eius
666 1645 859 1686 hospitibus
883 1645 1147 1677 convivantibus
1171 1651 1348 1677 cantatum
1365 1655 1440 1677 esse
1464 1646 1539 1677 vult
1558 1655 1638 1677 cum
1662 1645 1870 1677 hilaritatem
1890 1645 2068 1687 quandam

171 1698 331 1729 carminis
354 1700 527 1740 propriam
552 1705 626 1730 tum
651 1699 798 1731 formam
824 1701 1141 1741 monostrophicam
1166 1701 1200 1731 in
1225 1700 1341 1731 animo
1361 1711 1480 1731 secum
1504 1700 1735 1732 considerans.

280 1752 438 1784 Dissenio
462 1754 527 1784 hoc
560 1763 700 1784 carmen
728 1754 865 1784 videtur
892 1760 1070 1785 cantatum
1102 1765 1178 1785 esse
1208 1754 1243 1785 in
1266 1764 1403 1794 pompa,
1439 1764 1519 1784 cum
1544 1754 1726 1785 Chromius
1755 1759 1923 1795 tanquam
1954 1754 2069 1785 redux

171 1816 191 1837 e
208 1806 394 1838 certamine
414 1806 584 1849 Sicyonio,
608 1813 647 1839 ut
666 1807 814 1839 victores
830 1808 989 1845 solerent,
1014 1819 1146 1850 magno
1165 1808 1330 1840 comitatu
1347 1808 1504 1839 sollemni
1520 1808 1705 1840 veheretur
1722 1819 1784 1850 per
1804 1810 1937 1841 urbem.
1984 1808 2071 1840 Post

171 1869 335 1899 pompam
361 1860 560 1891 Chromium
587 1862 727 1901 eiusque
752 1862 882 1891 amicos
908 1862 1111 1892 convenisse
1136 1863 1180 1892 ad
1205 1862 1411 1894 convivium.
1459 1862 1511 1892 Ut
1534 1862 1742 1892 sententiam
1771 1873 1871 1893 suam
1896 1863 2070 1903 probaret.

171 1913 295 1945 Dissen
320 1925 369 1946 vs.
394 1926 429 1953 ,μ
454 1913 491 1945 τό
509 1915 753 1954 κρατήσιππον
777 1915 851 1956 γάρ
876 1917 905 1946 ές
937 1913 1020 1955 ἄρμ’
1043 1914 1270 1954 ηῗναβαίνων,
1294 1926 1383 1956 quae
1400 1916 1507 1947 verba
1530 1915 1594 1947 nisi
1617 1916 1661 1947 de
1677 1926 1806 1957 pompa
1826 1916 1984 1959 intellegi
1999 1926 2070 1947 non

171 1974 319 2007 possent,
345 1974 379 1999 et
404 1974 596 1999 extremam
622 1969 781 2000 carminis
805 1975 940 2009 partem
965 1969 1087 2005 attulit,
1112 1969 1171 1999 ubi
1195 1974 1306 2009 poeta,
1330 1980 1410 2001 cum
1434 1970 1503 2001 iam
1528 1981 1657 2011 pompa
1680 1972 1725 2002 ad
1746 1971 1900 2003 Chromii
1923 1972 2071 2002 domum

172 2021 381 2058 accessisset,
407 2030 443 2052 ut
469 2022 602 2061 phialae
627 2028 875 2062 promerentur,
900 2024 1066 2054 hortatur.

281 2075 360 2115 Qua
376 2076 419 2107 de
435 2086 472 2107 re
489 2086 589 2107 secus
615 2076 825 2107 existimavit
849 2077 886 2107 L.
911 2076 1070 2108 Schmidt
1087 2074 1197 2116 (Pind.
1217 2076 1260 2107 V.
1277 2082 1312 2108 et
1331 2077 1368 2110 P.
1392 2087 1424 2117 p.
1443 2077 1540 2119 24o);
1565 2079 1743 2111 contendit
1759 2079 1850 2110 enim
1870 2089 2011 2110 carmen
2035 2078 2071 2109 in

171 2128 330 2160 convivio
355 2134 531 2160 cantatum
564 2140 653 2166 esse,
696 2131 790 2171 quod
815 2129 998 2161 Chromius
1023 2129 1142 2160 amicis
1175 2129 1246 2160 suis
1269 2131 1519 2170 apparavisset,
1560 2142 1725 2173 pompam
1756 2137 1873 2164 autern
1908 2132 2072 2163 convivio

171 2184 384 2216 successisse.
433 2184 506 2216 Nec
526 2195 609 2216 vero
627 2183 806 2217 Schmidtii
823 2189 1033 2227 argumenta
1048 2185 1228 2225 probanda
1244 2190 1333 2216 sunt.
1363 2185 1461 2217 Dixit
1480 2191 1597 2218 autem
1615 2187 1667 2218 vir
1688 2187 1911 2219 doctissimus
1930 2186 2071 2219 Pindari
2238 2187 2251 2245 ⁴

169 2237 227 2267 illa
252 2237 459 2275 ,θαρσαλέα
485 2237 520 2267 δὲ
545 2237 647 2275 παρὰ
666 2235 835 2278 κρατῆρα
860 2237 970 2280 φωνὰ
994 2239 1153 2279 γένειηκνι
1177 2239 1222 2269 ad
1243 2240 1388 2270 verbum
1407 2250 1483 2271 esse
1499 2241 1726 2283 intelligenda
1749 2252 1791 2273 ac
1811 2242 1861 2273 sic
1880 2242 2064 2272 vertenda:

170 2292 304 2328 „audax
321 2302 404 2324 vero
421 2291 461 2323 fit
481 2302 552 2324 vox
569 2292 657 2324 inter
673 2293 822 2334 pocula“‚
848 2304 938 2335 quae
962 2293 1071 2324 verba
1095 2292 1278 2324 manifesto
1302 2294 1346 2325 ab
1367 2294 1485 2326 amicis
1501 2294 1654 2327 Chromii
1672 2300 1812 2327 cantata
1828 2306 1905 2328 esse
1928 2295 1963 2327 in
1987 2305 2070 2327 con-

170 2345 262 2377 vivio
282 2347 538 2378 accubantibus.
586 2346 657 2379 Sed
680 2352 815 2378 tantum
843 2348 956 2385 abest,
992 2353 1031 2379 ut
1054 2348 1180 2384 locum,
1204 2358 1307 2389 quem
1333 2349 1611 2387 memoravimus,
1636 2360 1747 2392 aeque
1770 2361 1812 2382 ac
1836 2350 1998 2382 Schmidt
2019 2350 2070 2382 in-

170 2404 407 2440 terpretemur,
430 2406 469 2432 ut
484 2402 591 2432 verba
607 2401 664 2432 illa
680 2402 840 2433 universe
856 2402 949 2433 dicta
968 2411 1045 2433 esse
1061 2412 1175 2442 neque
1185 2402 1299 2444 magis
1317 2403 1363 2434 ad
1373 2413 1428 2435 res
1440 2409 1640 2444 praesentes
1653 2405 1824 2445 pertinere
1838 2415 1944 2446 quam
1958 2405 2004 2436 ad
2015 2414 2073 2436 res

168 2453 302 2486 futuras
327 2455 541 2490 arbitremur.
589 2455 805 2488 Generaliter
830 2456 922 2488 dicta
946 2461 1027 2487 sunt
1051 2455 1155 2487 etiam
1181 2466 1230 2494 ea,
1254 2466 1344 2498 quae
1368 2459 1585 2491 antecedunt.

279 2509 460 2541 Sententia
477 2515 593 2541 autem
606 2510 664 2541 illa
681 2511 724 2541 de
740 2521 827 2542 voce
844 2511 934 2541 inter
949 2511 1075 2550 pocula
1094 2510 1217 2542 audaci
1236 2511 1473 2543 transitionem
1499 2517 1599 2553 parat
1618 2514 1664 2544 ad
1685 2523 1736 2550 ea,
1756 2524 1846 2555 quae
1869 2518 2074 2555 sequuntur,

169 2568 208 2594 ut
231 2563 298 2594 hoc
324 2564 428 2594 modo
452 2564 548 2595 locus
574 2565 652 2604 (vss.
677 2565 823 2605 48—50)
850 2564 1076 2605 explicandus
1100 2564 1156 2595 sit:
1180 2563 1424 2601 „Cantavimus
1450 2565 1615 2598 virtutem
1639 2565 1885 2610 fortunamque
1909 2566 2072 2604 Chromii,

169 2617 227 2657 qui
251 2617 366 2648 omnia
391 2623 513 2649 nactus
538 2618 594 2654 sit,
632 2628 721 2659 quae
745 2618 877 2649 homini
901 2617 1044 2650 feliciter
1067 2619 1270 2661 contingere
1294 2624 1457 2660 possunt;
1499 2630 1592 2653 nunc
1615 2631 1700 2653 vero
1724 2627 1900 2662 potemus,
1926 2622 2071 2653 misceat

51 2693 75 2703 x,
169 2671 275 2713 igitur
298 2672 374 2712 quis
400 2672 517 2703 vinum
543 2677 625 2703 etc.“
671 2672 853 2704 Admonet
876 2672 983 2715 igitur
1006 2678 1110 2714 poeta
1129 2673 1282 2705 Chromii
1303 2674 1445 2712 amicos,
1467 2679 1507 2706 ut
1529 2674 1598 2706 iam
1618 2676 1898 2719 aggrederentur
1919 2676 1966 2707 ad
1988 2685 2072 2707 con-

1111 299 1134 329 4
