2251 2948
1115 313 1154 345 12

187 430 261 456 erat
286 427 475 459 contentus,
500 423 562 453 sed
584 421 640 451 vel
665 424 785 451 contra
808 419 953 450 deorum
978 417 1196 449 manifestam
1221 417 1437 447 voluntatem
1462 426 1531 447 una
1555 426 1634 447 cum
1657 416 1874 457 Amphiarao
1898 416 2074 460 profectus

186 483 240 509 est
264 481 382 508 contra
405 475 558 506 Thebas:
582 472 807 515 φαινομέναν
831 470 926 511 δἀ”ρ’
951 471 987 501 ἐς·
1012 472 1108 502 timu
1131 471 1281 503 σπεῦδεν
1305 466 1421 509 ὅμιλος
1450 468 1593 501 ἱκέσθαι.
1649 469 1828 501 Perierunt
1855 468 1927 501 fere
1951 480 2074 501 omnes

187 530 224 561 ἑν
247 529 449 566 δαιμονίοισι
472 526 605 569 φόβοις.
653 525 710 557 Dii
734 524 825 557 enim
849 524 1063 556 immiserant
1092 523 1157 565 ipsi
1180 523 1331 555 subitum
1355 527 1521 554 terrorem
1540 521 1844 564 turpissimamque
1866 521 2004 565 fugam,
2035 527 2074 555 ut

185 582 428 623 ulciscerentur
450 580 647 621 superbiam
671 579 765 610 illam
789 579 1001 619 nimiamque
1025 578 1078 609 sui
1102 577 1357 610 confidentiam.

260 628 263 631 ’
292 634 346 664 Ita
362 643 407 664 ex
423 633 577 674 mythica
592 631 753 663 carminis
768 636 867 672 parte
883 631 955 662 fere
973 632 1066 662 idem
1083 631 1244 671 sequitur,
1260 631 1354 671 quod
1373 629 1480 662 Solon
1496 629 1586 661 notis
1601 630 1665 661 illis
1677 640 1717 661 ac
1729 630 1945 671 pervulgatis
1958 629 2074 662 verbis

186 687 370 729 expressit:
396 683 520 726 Μηδὲν
545 685 657 728 ἄγαν.
705 685 951 727 Temperantia
976 685 1083 728 igitur
1106 685 1369 717 commendatur
1392 683 1517 718 fabula.

292 741 372 771 Hoc
394 740 548 781 plerique
571 740 777 780 interpretes
800 745 895 771 recte
918 740 1163 771 intellexerunt
1193 748 1306 779 neque
1336 743 1454 769 tamen
1484 738 1549 769 hac
1580 738 1615 769 in
1639 738 1795 780 generali
1824 737 1965 769 fabulae
1996 749 2072 769 sen-

183 793 289 825 tentia
313 793 568 835 acquieverunt.
631 791 669 824 Si
699 797 816 824 autem
842 792 1160 834 comparaverimus
1188 802 1267 824 cum
1292 791 1446 834 mythica
1477 791 1636 823 carminis
1666 796 1765 833 parte
1789 791 1946 829 alteram,
1982 801 2074 833 quae

182 857 309 889 preces,
333 847 460 884 laudes,
484 847 736 879 admonitiones
761 847 926 884 continet,
951 847 1145 878 videbimus
1168 852 1308 888 poetam
1333 847 1367 878 in
1392 846 1488 878 exitu
1511 845 1612 878 huius
1629 846 1767 878 alterius
1790 846 1897 887 partis
1921 846 2068 878 similem

187 901 360 942 quandam
384 900 591 932 sententiam
615 910 810 942 proponere
833 911 874 932 ac
898 900 1011 942 priore
1033 905 1140 942 parte.
1196 900 1288 932 Dicit
1312 900 1403 932 enim
1427 910 1477 931 vs.
1502 901 1554 940 46.
1583 910 1632 941 sq.
1657 900 1686 931 εἰ
1706 898 1778 941 γὰρ
1803 898 1883 942 ἅμα
1911 898 2066 931 κτεάνοις

183 956 320 985 πολλοῖς
361 954 523 986 ἐπίδοξον
559 953 692 993 ἄρηται
728 952 850 991 κῦδος,
889 952 998 985 οὐκέτ’
1032 954 1100 984 ἔστι
1132 954 1267 985 θνατὸν
1297 954 1346 985 ἔτι
1380 949 1525 984 σκοπιάς
1566 955 1688 985 ἄλλας·
1710 952 1917 994 ἐφάψασδαι
1939 954 2071 983 ποδοῖν.

183 1006 371 1046 Postquam
395 1005 574 1037 Aetnaeos
598 1006 753 1037 laudavit
777 1007 823 1037 ob
847 1006 992 1036 virtutes
1017 1006 1158 1037 bellicas
1183 1016 1223 1037 ae
1247 1006 1374 1042 civiles,
1403 1006 1569 1046 imprimis
1594 1005 1745 1037 Chromii
1768 1005 2005 1036 fortitudinem
2030 1014 2072 1035 ac

181 1059 396 1101 prudentiam
421 1059 566 1091 summis
602 1059 762 1091 laudibus
793 1059 946 1096 sustulit,
971 1059 1020 1091 sic
1044 1059 1173 1102 pergit:
1198 1059 1235 1090 ἑκ
1260 1058 1382 1091 πόνων
1407 1058 1445 1096 δ’,
1476 1061 1512 1090 οἵ
1540 1057 1608 1090 σύν
1638 1057 1774 1091 νεότατι
1805 1058 1978 1100 γένωνται
2003 1055 2073 1090 σύν

182 1123 217 1143 τε
239 1113 328 1151 δίκᾳ,
351 1112 475 1143 τελέθει
497 1111 588 1151 πρὸς·
609 1115 731 1153 γῆρας
754 1111 845 1143 αἰών
861 1111 981 1152 ἁμέρα
1006 1123 1013 1129 ·
1038 1116 1124 1144 ἴστω
1139 1112 1267 1152 λαχών
1290 1111 1373 1151 πρὸς
1404 1110 1582 1151 δαιμόνων
1597 1111 1809 1151 θαυμαστόν
1824 1112 1948 1151 ὄλβον.
1996 1111 2072 1149 „Ex

183 1165 356 1196 laboribus
379 1165 414 1196 in
437 1164 617 1197 iuventute
640 1164 729 1196 iuste
753 1165 903 1206 peractis
927 1164 1148 1197 efflorescunt
1172 1164 1245 1196 seni
1269 1164 1342 1195 dies
1366 1163 1481 1205 quieti.
1545 1164 1599 1195 Tu
1623 1174 1719 1201 vero,
1754 1163 1928 1203 Chromie,
1964 1176 1985 1197 a
2008 1166 2073 1198 diis

183 1218 373 1250 mirabilem
396 1224 519 1250 nactus
543 1229 580 1250 es
604 1218 831 1250 felicitatem.“

291 1271 423 1313 Quodsi
447 1271 608 1303 continuo
632 1275 737 1312 poeta
760 1271 968 1303 sententiam
992 1271 1085 1302 illam
1111 1271 1326 1313 generalem,
1351 1280 1456 1312 quam
1481 1271 1585 1302 modo
1610 1270 1799 1309 citavimus
1824 1272 1933 1310 addit,
1958 1273 2073 1305 ovue'r’

183 1323 250 1354 ἔστι
272 1323 395 1362 πόρσω
419 1329 491 1361 etc„
515 1324 598 1365 quid
620 1325 707 1356 haec
731 1324 848 1355 omnia
871 1324 935 1356 sibi
959 1325 1103 1356 volunt?
1134 1324 1259 1356 Nonne
1282 1324 1374 1355 idem
1398 1324 1465 1355 hoc
1489 1325 1566 1356 loco
1582 1329 1743 1356 monetur
1758 1325 1873 1357 verbis
1889 1326 2071 1367 expressis,

182 1379 275 1420 quod
298 1383 400 1410 antea
422 1382 525 1420 poeta
548 1378 831 1420 pronuntiaverat
854 1378 1000 1410 Adrasti
1024 1378 1187 1419 exemplo
1211 1377 1411 1419 proposito?

292 1432 491 1464 Chromium
507 1432 654 1464 strenuis
678 1432 853 1464 laboribus
870 1442 1044 1464 summam
1062 1436 1268 1463 consecutus
1292 1436 1345 1463 est
1369 1437 1403 1463 et
1427 1432 1575 1474 gloriam
1600 1437 1634 1464 et
1653 1431 1842 1464 fortunam:
1867 1434 2064 1475 acquiescat

183 1486 217 1517 in
240 1486 294 1524 iis,
334 1497 422 1528 quae
448 1486 562 1517 habet.
625 1486 818 1528 Hucusque
849 1497 886 1517 se
918 1486 1082 1518 abstinuit
1112 1485 1233 1517 iniuria
1265 1486 1449 1528 omniaque
1479 1486 1552 1529 egit
1577 1485 1645 1518 σύν
1670 1488 1770 1529 δίκᾳε
1810 1498 1854 1519 ne
1876 1488 2003 1519 incidat
2032 1488 2068 1519 in

183 1540 382 1581 superbiam
407 1550 496 1571 neve
520 1540 681 1572 admittat
703 1540 810 1572 nefas.
868 1541 923 1572 Ne
947 1540 1029 1581 quid
1054 1539 1174 1571 nimis!
1230 1540 1305 1571 Iam
1335 1545 1520 1572 contentus
1549 1540 1601 1572 sit.
1664 1540 1767 1582 Quod
1792 1541 1965 1573 Adrastus
1989 1552 2069 1574 cum

182 1604 246 1624 sua
268 1603 477 1635 suorumque
500 1594 648 1635 pernicie
678 1595 884 1636 neglexerat
907 1596 942 1625 in
965 1604 1104 1625 summo
1135 1593 1294 1625 fortunae
1324 1593 1476 1636 fastigio,
1509 1605 1553 1626 ne
1577 1594 1611 1626 id
1641 1595 1802 1637 negligat
1826 1594 2008 1627 Chromius
2032 1601 2068 1627 et

182 1645 263 1687 ipse.
310 1646 458 1678 Fruatur
480 1647 594 1689 potius
617 1648 716 1679 bonis
740 1647 809 1679 iam
833 1648 949 1689 partis.

292 1699 346 1731 Ita
368 1701 457 1741 parti
472 1701 647 1742 mythicae
666 1707 702 1733 et
725 1702 822 1733 alteri
845 1702 935 1743 parti
954 1701 1123 1738 carminis,
1147 1701 1182 1732 in
1206 1711 1275 1742 qua
1290 1706 1402 1742 poeta,
1427 1706 1465 1732 ut
1489 1701 1638 1733 Dissenii
1662 1706 1740 1733 utar
1763 1703 1880 1740 verbo,
1904 1703 2070 1734 directam

184 1753 338 1784 adhibuit
361 1754 560 1795 orationem,
584 1764 653 1786 una
677 1755 868 1796 eademque
892 1755 1012 1786 subest
1036 1754 1207 1785 sententia
1231 1755 1414 1797 generalis.

292 1807 480 1839 Rationem
505 1812 621 1839 autem
646 1818 738 1845 eam,
772 1819 841 1850 qua
864 1816 968 1850 poeta
991 1808 1133 1840 carmini
1156 1807 1309 1839 fabulam
1334 1808 1489 1846 inseruit,
1526 1809 1738 1851 aptissimam
1763 1809 2002 1841 existimamus
2026 1809 2071 1841 ad

184 1860 424 1891 celebrandam
457 1861 635 1893 victoriam
659 1861 809 1903 Sicyone
838 1866 983 1902 partam.
1042 1862 1203 1902 Namque
1226 1860 1342 1902 Φοίβῳ
1367 1861 1477 1900 θῆκεν
1498 1862 1695 1902 ’Ἄδραστος
1724 1860 1773 1893 ἐπ’
1802 1857 1966 1893 Ἀσωποῦ
1997 1861 2069 1904 ῥεέ-

184 1912 279 1951 θροις
307 1913 443 1954 (ἱππίων
467 1913 591 1945 α”θλων
619 1913 813 1956 κορυφάν).
875 1915 1052 1947 Ludorum
1082 1915 1189 1958 igitur
1222 1906 1437 1947 conditorem
1473 1914 1590 1957 itaque
1620 1914 1800 1947 victoriam
1837 1919 1872 1947 et
1901 1915 2070 1948 victorem

183 1965 295 2006 ipsum
337 1967 571 1998 celebraturus
604 1968 685 1999 dicit
715 1967 905 2008 ἐπασκήσω
943 1971 1081 1999 κλυταῖς
1125 1967 1232 2008 ἥρωα
1262 1974 1372 2008 τιμαῖς
1410 1974 1596 2010 narratque
1629 1969 1728 2010 quasi
1763 1980 1810 2000 ex
1841 1970 1924 2012 lege
1955 1970 2071 2011 poesis

185 2019 341 2050 choricae
372 2020 505 2051 variam
535 2020 649 2051 herois
679 2020 862 2052 fortunam.
922 2022 1044 2063 Neque
1074 2022 1173 2054 nobis
1203 2022 1340 2054 videtur
1362 2022 1560 2064 quaerenda
1583 2032 1660 2054 esse
1690 2033 1771 2055 cum
1794 2022 1980 2055 Leutschio
2003 2023 2072 2054 alia

185 2081 297 2108 causa,
322 2082 383 2103 eur
404 2077 508 2114 poeta
526 2073 676 2114 priorem
693 2073 830 2105 fabulae
848 2080 981 2115 partem
1001 2075 1191 2106 narraverit
1215 2076 1335 2116 (usque
1359 2077 1403 2107 ad
1426 2086 1476 2109 vs.
1506 2076 1575 2116 17.).
1621 2076 1768 2108 Adrasti
1790 2076 1951 2108 laudibus
1975 2086 2070 2108 com-

184 2124 384 2156 modissime
398 2126 609 2167 respondent
632 2126 667 2157 in
690 2127 798 2158 altera
820 2132 918 2168 parte
942 2128 1100 2159 carminis
1121 2128 1240 2159 laudes
1264 2128 1424 2160 Chromii.

294 2177 366 2209 Sed
388 2179 433 2209 de
452 2179 700 2220 compositione
716 2180 905 2212 carminum
923 2181 1143 2222 epiniciorum
1168 2192 1188 2212 a
1212 2182 1360 2214 Pindaro
1384 2192 1454 2214 non
1477 2183 1618 2214 inventa
1641 2183 1781 2224 quidem
1806 2184 1868 2214 sed
1891 2187 1985 2215 certe
2008 2193 2069 2214 ex-

184 2230 287 2267 culta,
311 2241 416 2272 quam
439 2236 559 2263 nostra
576 2233 743 2264 memoria
766 2232 910 2276 Mezger
933 2239 968 2266 et
983 2235 1137 2266 Lubbert
1161 2245 1182 2266 a
1204 2235 1405 2277 Terpandro
1424 2237 1538 2268 denuo
1554 2236 1737 2278 repetitam
1754 2236 1884 2274 volunt,
1908 2236 1975 2268 alio
1991 2236 2071 2268 loco

184 2288 221 2315 et
245 2288 402 2325 tempore
424 2285 605 2317 hominum
630 2286 906 2318 doctissimorum
931 2288 1117 2319 sententias
1142 2287 1367 2323 conferemus.
