2251 2948
0 0 267 185 r

175 405 341 437 carminis
366 409 487 436 cantus
517 403 809 440 intermitteretur,
841 408 1028 444 antequam
1054 414 1182 444 pompa
1213 404 1257 435 ad
1287 403 1392 435 finem
1425 403 1639 444 propositum
1671 395 1902 443 pervenisset,
1937 411 2078 432 carmen

182 460 288 502 igitur
311 469 380 491 non
405 469 474 490 uno
499 462 620 489 tenore
644 458 706 489 sed
729 456 984 497 intercapedine
1007 458 1116 489 semel
1140 458 1197 489 vel
1220 458 1356 499 saepius
1386 457 1478 490 facta
1508 462 1716 489 cantaretur.
1764 456 1886 497 Atque
1916 456 2076 487 videmus

182 514 322 555 quidem
347 513 495 554 primam
519 511 680 544 carminis
704 511 746 543 N.
770 511 834 543 IX.
859 512 1037 552 stropham
1066 512 1226 555 graviore
1257 512 1530 553 interpunctione
1564 512 1760 544 distinctam
1793 522 1834 543 ac
1865 516 2073 552 separatam.

181 568 316 600 Eodem
340 568 418 599 loco
442 567 546 598 etiam
571 571 818 609 argumentum
849 566 1008 597 carminis
1039 566 1138 607 quasi
1167 566 1312 598 incisum
1345 578 1421 599 esse
1444 567 1543 599 facile
1567 567 1884 598 animadvertimus.
1948 565 2073 606 Neque

174 622 385 664 compositio
417 621 576 653 carminis
607 631 720 661 neque
754 620 964 652 continuatio
997 620 1171 661 seriesque
1204 632 1334 658 rerum,
1368 632 1457 662 quae
1491 621 1632 653 carmini
1665 622 1828 658 subsunt,
1863 624 2075 662 repugnant,

179 677 366 718 quominus
390 686 530 708 carmen
554 675 755 717 interposito
780 675 961 706 intervallo
985 680 1162 707 cantatum
1194 686 1270 707 esse
1300 686 1478 716 ponamus.
1526 676 1643 707 Media
1672 675 1834 707 carminis
1867 685 1947 716 pars
1979 674 2071 714 (inde

180 743 203 764 a
226 736 286 764 str.
313 730 355 774 2.)
391 741 480 772 quae
517 741 691 762 summam
725 729 886 762 carminis
920 729 1024 762 efficit
1056 730 1292 771 continetque,
1325 741 1404 762 curn
1438 730 1549 772 prima
1582 735 1679 771 parte
1713 731 1781 771 (str.
1812 730 1847 770 1.)
1880 734 1954 760 tam
1989 728 2074 759 laxe

179 787 356 823 cohaeret,
391 790 430 817 ut
453 785 619 817 maiorem
650 785 824 826 quandam
849 785 1140 825 intercapedinem
1164 785 1253 817 inter
1282 786 1345 817 has
1376 790 1491 826 partes
1523 785 1650 816 factam
1675 795 1751 816 esse
1776 784 1934 816 conicere
1961 783 2073 814 liceat.

180 841 302 882 Atque
326 840 430 872 etiam
455 845 613 871 extrema
636 839 795 871 carminis
818 850 898 880 pars
923 839 1014 881 (inde
1037 850 1058 871 a
1081 844 1136 871 str.
1168 840 1230 882 ιο.)
1256 850 1345 881 quae
1374 841 1418 871 ad
1442 839 1638 871 convivium
1662 839 1815 871 maxime
1839 838 1997 880 pertinet,
2024 837 2070 869 ab

180 893 464 926 antecedentibus
488 893 640 933 strophis
665 895 715 933 (et
738 903 842 924 sensu
867 897 902 924 et
924 893 1208 934 interpunctione)
1232 894 1314 925 satis
1339 894 1498 925 distincta
1529 899 1590 927 est.
1644 893 1807 925 Similiter
1840 893 2001 923 distincta
2029 901 2071 922 ac

179 947 293 981 divisa
309 947 376 979 alia
392 957 531 989 quoque
546 946 685 979 Pindari
702 946 854 979 carmina
870 947 1151 989 monostrophica
1170 947 1327 979 videmus
1349 946 1390 982 ef.
1404 946 1445 980 O.
1459 947 1559 981 XIV.
1580 947 1682 990 Pyth.
1694 947 1755 978 VI.
1772 947 1872 978 Nem.
1886 945 1933 979 11.
1951 945 1993 977 N.
2008 944 2071 976 IV.

291 1001 521 1034 Nihilominus
554 1001 615 1033 vix
637 1001 737 1033 nobis
761 1002 1044 1042 persuadebimus
1077 1008 1215 1043 poetam
1251 1003 1411 1040 carmina,
1445 1012 1535 1043 quae
1559 1012 1696 1033 summa
1724 1007 1798 1033 arte
1822 1000 2070 1042 composuerit,

174 1062 283 1089 cantu
307 1056 355 1088 ita
377 1056 549 1097 discerpta
572 1066 613 1088 ac
637 1056 821 1088 dilacerata
845 1056 1002 1087 voluisse.
1049 1056 1162 1088 Multo
1187 1056 1299 1098 magis
1321 1061 1590 1088 consentaneum
1614 1061 1667 1087 est
1690 1055 1889 1087 existimare
1913 1054 2070 1085 carmina

179 1110 312 1142 ἐπίνικα
349 1111 464 1142 omnia
497 1121 606 1152 aeque
643 1114 782 1142 cantata
817 1120 905 1148 esse,
946 1121 987 1142 ac
1023 1111 1187 1152 pleraque
1220 1116 1335 1142 cetera
1364 1121 1454 1152 quae
1483 1110 1642 1142 dicuntur
1674 1109 1811 1141 chorica
1843 1109 1862 1140 i.
1887 1119 1915 1140 e.
1944 1118 2069 1140 unum-

178 1164 343 1204 quodque
377 1174 516 1195 carmen
554 1169 664 1195 totum
699 1169 793 1195 certo
827 1165 978 1204 quodam
1013 1165 1105 1202 loco,
1136 1165 1194 1195 ubi
1227 1166 1351 1196 chorus
1382 1165 1591 1200 constiterit;
1625 1169 1771 1204 excepta
1799 1169 1880 1194 sunt
1909 1174 1951 1194 ea
1978 1163 2069 1198 sola,

175 1227 269 1258 quae
303 1218 349 1250 ob
383 1218 544 1250 cantandi
574 1218 742 1250 rationem
774 1228 873 1250 suam
897 1218 1049 1259 ipsorum
1080 1218 1252 1260 propriam
1278 1219 1449 1258 προσόδια
1476 1218 1678 1249 nominatim
1707 1218 1917 1249 dicebantur.
1966 1215 2068 1255 Quae

175 1282 258 1303 cum
293 1272 341 1304 ita
371 1273 447 1310 sint,
471 1273 597 1304 nullius
619 1273 786 1304 momenti
825 1279 886 1310 est,
926 1273 1017 1313 quod
1048 1274 1212 1305 nonnulla
1245 1273 1398 1304 carmina
1429 1272 1708 1313 monostrophica
1741 1273 1786 1303 ab
1823 1271 2068 1313 interpretibus

172 1327 385 1367 quibusdam
415 1327 572 1370 ἐγκώμια
597 1338 672 1360 esse
697 1328 867 1362 dicuntur.
914 1328 955 1360 In
978 1338 1124 1360 numero
1148 1328 1387 1369 prosodiorum
1415 1328 1550 1360 illorum
1574 1327 1754 1359 referenda
1777 1332 1870 1359 certe
1886 1337 1956 1358 non
1973 1331 2066 1357 sunt.

175 1380 326 1413 Carmen
350 1388 466 1413 autem
491 1383 534 1414 N.
558 1383 623 1416 IX.
647 1383 681 1414 in
705 1393 834 1424 pompa
858 1383 997 1423 quidem
1022 1384 1083 1415 sed
1105 1388 1290 1424 postquam
1308 1393 1437 1424 pompa
1457 1382 1608 1415 constitit
1630 1383 1674 1414 ad
1695 1374 1868 1423 Apollinis
1884 1381 2066 1422 templum,

175 1434 350 1467 sacrificiis
374 1436 520 1477 peractis
545 1441 720 1468 cantatum
747 1441 808 1469 est.
857 1436 943 1468 Inde
970 1446 1099 1477 pompa
1127 1437 1171 1468 ad
1200 1436 1351 1468 Chromii
1375 1437 1517 1468 domum
1542 1436 1704 1468 Chromio
1735 1436 1810 1476 ipso
1841 1445 1945 1467 curru
1968 1435 2064 1466 inve-

176 1490 281 1521 hente
304 1490 408 1522 ducta
432 1496 493 1527 est,
521 1490 580 1522 ubi
599 1491 721 1531 epulae
744 1491 883 1523 victoris
900 1490 1017 1522 amicis
1041 1491 1109 1522 iam
1133 1496 1231 1523 erant
1247 1497 1395 1532 paratae.
1443 1491 1535 1523 Huic
1558 1489 1830 1531 interpretationi
1853 1490 1962 1521 verba
1993 1499 2066 1520 car—

176 1543 277 1575 minis
301 1554 370 1575 non
399 1545 503 1575 modo
533 1555 602 1576 non
630 1549 841 1587 repugnant,
872 1546 934 1577 sed
963 1545 1235 1586 praeclarissime
1266 1550 1471 1587 congruunt.
1519 1545 1680 1576 Ceterum
1712 1544 1753 1575 cf.
1783 1554 1873 1585 quae
1898 1543 2067 1574 Thiersch

173 1598 221 1628 de
245 1598 406 1629 cantandi
429 1598 561 1630 ratione
585 1598 619 1629 in
643 1598 781 1630 Pindari
804 1599 1012 1631 carminibus
1036 1599 1189 1631 adhibita
1212 1600 1232 1631 l.
1257 1610 1284 1631 c.
1309 1610 1340 1640 p.
1370 1610 1429 1640 103
1456 1610 1532 1640 sqq.
1556 1599 1728 1640 explicuit.

285 1645 406 1692 Atque
422 1652 469 1683 ita
483 1663 552 1684 uno
565 1653 726 1693 exemplo
738 1652 806 1684 iam
823 1653 1079 1685 demonstrasse
1093 1654 1160 1686 hoc
1176 1654 1275 1686 nobis
1285 1654 1457 1691 videmur,
1469 1659 1609 1695 poetam
1623 1663 1693 1685 non
1713 1653 1790 1684 ideo
1806 1652 1841 1684 in
1856 1651 2066 1684 carminibus

172 1706 384 1747 quibusdam
409 1706 520 1738 forma
544 1708 823 1748 monostrophica
846 1718 948 1739 usum
978 1719 1066 1749 esse,
1089 1713 1128 1740 ut
1151 1709 1237 1740 haec
1262 1709 1414 1740 carmina
1436 1709 1471 1740 in
1495 1708 1653 1740 convivio
1678 1708 1722 1739 ab
1746 1706 1938 1748 hospitibus
1965 1716 2066 1737 accu-

176 1760 338 1791 bantibus
369 1765 429 1792 aut
460 1762 504 1792 ab
528 1762 723 1793 hominibus
747 1762 782 1793 in
812 1772 941 1803 pompa
971 1763 1239 1803 procedentibus
1264 1768 1493 1796 cantarentur.
1551 1763 1712 1802 Namque
1741 1772 1805 1793 nec
1829 1762 1895 1792 hac
1919 1770 1984 1792 nec
2007 1760 2066 1791 illa

174 1813 307 1845 ratione
331 1815 483 1847 carmina
507 1816 650 1856 epinicia
678 1821 816 1848 cantata
840 1827 916 1848 esse
939 1817 1012 1848 veri
1036 1822 1089 1848 est
1112 1817 1230 1848 simile.
1277 1817 1347 1849 Sed
1371 1823 1510 1849 cantata
1533 1823 1613 1848 sunt
1636 1817 1751 1848 omnia
1776 1817 1898 1847 eadem
1923 1815 2065 1851 ratione,

172 1877 245 1908 qua
268 1870 527 1911 tragoediarum
553 1869 764 1902 Graecarum
789 1876 905 1911 partes
930 1871 1094 1908 choricae,
1119 1881 1206 1912 quas
1230 1871 1348 1903 dicunt
1372 1872 1521 1903 stasima.

284 1923 323 1954 In
347 1925 518 1956 nonnullis
543 1925 750 1957 carminibus
775 1925 1070 1966 monostrophicis,
1095 1926 1190 1957 velut
1215 1926 1313 1959 Nem.
1338 1926 1388 1963 IL,
1419 1926 1518 1957 Nem.
1542 1926 1615 1962 IX„
1640 1925 1723 1958 Isth.
1746 1924 1838 1961 VIL,
1868 1923 1928 1955 ubi
1952 1923 2064 1964 impar

171 1975 219 2006 sit
229 1977 448 2016 stropharum
461 1989 633 2015 numerus,
657 1979 805 2010 dubitari
821 1990 891 2010 non
914 1990 1016 2019 posse
1032 1980 1175 2011 Boeckh
1195 1980 1275 2011 dicit
1300 1979 1337 2020 (Ι,
1368 1991 1393 2011 1.
1412 1980 1515 2019 praef.
1539 1990 1570 2019 p.
1590 1979 1677 2021 XL),
1702 1978 1785 2019 quin
1801 1989 1870 2009 non
1887 1979 2064 2009 alternent

170 2030 336 2071 strophae
353 2035 387 2063 et
404 2031 646 2074 antistrophae,
666 2032 739 2065 aliis
758 2043 841 2064 vero
860 2033 894 2064 in
911 2032 1125 2070 carminibus,
1150 2038 1188 2064 ut
1205 2032 1258 2065 Ol.
1283 2033 1383 2067 Xtv.
1403 2033 1503 2075 Pyth.
1519 2032 1579 2070 V1,
1605 2032 1686 2069 XII,
1704 2032 1804 2065 Nem.
1821 2031 1881 2068 IV,
1899 2031 2062 2073 quamvis

174 2086 379 2128 ambiguum
405 2088 575 2124 videatur,
612 2093 727 2119 utrum
752 2089 914 2128 strophae
939 2093 973 2119 et
997 2089 1231 2129 antistrophae
1255 2089 1519 2130 distinguendae
1542 2088 1618 2125 sint,
1644 2094 1761 2119 tamen
1786 2087 1949 2127 strophas
1972 2086 2064 2118 solas

177 2140 357 2180 descripsit
381 2142 426 2171 ob
442 2141 478 2172 id
494 2141 615 2181 ipsum,
640 2142 734 2182 quod
761 2141 827 2172 tria
850 2141 907 2172 illa
931 2141 1094 2178 carmina,
1119 2152 1207 2182 quae
1232 2147 1266 2172 et
1289 2142 1363 2182 ipsa
1386 2142 1505 2181 epodis
1529 2147 1656 2178 carent,
1679 2141 1821 2180 „impari
1844 2141 2065 2180 stropharum

0 2201 6 2222 b
174 2205 320 2226 numero
344 2196 556 2230 decurrunt“.

284 2248 445 2279 Diximus
477 2260 595 2289 supra,
635 2250 781 2289 primam
815 2250 974 2280 carminis
1009 2250 1051 2280 N.
1084 2250 1148 2280 IX.
1181 2251 1358 2290 stropham
1388 2256 1423 2281 et
1452 2256 1661 2292 argumento
1685 2256 1721 2281 et
1744 2250 2020 2290 interpunctione
2044 2260 2066 2280 a

170 2301 296 2334 ceteris
319 2302 468 2343 strophis
496 2302 691 2335 distinctam
721 2313 761 2335 ac
784 2307 978 2344 separatam
1003 2312 1086 2340 esse,
1122 2307 1287 2344 tanquam
1317 2303 1532 2344 prooemium
1564 2305 1621 2336 vel
1649 2303 1866 2345 praeludium
1895 2302 2065 2335 carminis.

173 2356 213 2388 Si
244 2362 358 2388 cetera
382 2357 521 2389 Pindari
545 2357 687 2398 epinicia
717 2357 1008 2397 monostrophica,
1044 2368 1133 2398 quae
1161 2357 1283 2398 impari
1312 2358 1531 2398 stropharum
1556 2370 1701 2391 numero
1725 2359 1925 2395 decurrunt,
1950 2357 1991 2389 N.
2020 2357 2065 2391 II.

170 2414 210 2440 *et
229 2409 316 2450 Jsth.
340 2410 419 2441 VII.
443 2409 576 2452 (VIII.)‚
600 2410 791 2443 accuratius
815 2410 1153 2447 consideraverimus,
1177 2410 1322 2442 fortasse
1346 2412 1381 2443 in
1404 2413 1457 2444 his
1479 2423 1619 2454 quoque
1647 2413 1794 2444 similem
1818 2412 1987 2444 rationem
2011 2420 2064 2441 ar-

173 2464 333 2505 gumenti
365 2464 715 2507 interpunctionisque
750 2465 977 2503 inveniemus,
1013 2470 1053 2497 ut
1082 2465 1200 2497 similis
1228 2467 1400 2507 quaedam
1429 2473 1534 2509 atque
1558 2467 1593 2499 in
1622 2468 1664 2500 N.
1694 2468 1758 2502 IX.
1787 2466 1948 2500 cantandi
1977 2465 2064 2497 ratio

173 2517 359 2556 probabilis
383 2524 558 2558 appareat.

284 2570 325 2602 In
356 2570 505 2611 Jsthmio
529 2571 607 2604 VH.
632 2571 752 2614 (VIII.)
782 2574 980 2610 secundam.
1015 2578 1185 2615 quartam,
1224 2579 1361 2606 sextam
1401 2576 1581 2616 stropham
1613 2577 1658 2608 ab
1690 2576 1730 2608 iis
1759 2587 1848 2618 quae
1872 2579 2065 2618 sequuntur

170 2622 304 2655 maiore
348 2624 622 2665 interpunctione
661 2626 819 2658 videmus
858 2627 1045 2659 distinctas.
1112 2628 1204 2669 Quid
1243 2629 1364 2671 igitur,
1407 2630 1436 2661 si
1478 2630 1608 2670 priores
1654 2641 1718 2662 sex
1757 2632 1917 2672 strophas
1956 2632 2004 2664 ita
2043 2643 2065 2663 a

168 2676 279 2708 choro
303 2682 459 2709 cantatas
489 2679 701 2720 saltatasque
724 2690 800 2712 esse
824 2681 1024 2718 conicimus,
1058 2686 1096 2713 ut
1125 2682 1274 2723 strophis
1302 2683 1541 2724 responderint
1569 2684 1813 2726 antistrophae,
1849 2690 2064 2726 postremam

1124 302 1143 330 7
