2251 2948
1982 0 2251 185 ’Ἴ

172 416 336 448 Dissenio
360 417 444 458 ipso,
470 426 681 458 quamquam
707 426 786 446 eum
813 415 953 447 minime
977 416 1209 456 praeterierat,
1234 416 1267 447 in
1286 417 1543 449 commentariis
1564 419 1608 449 ad
1625 418 1813 449 Pindarum
1833 417 1933 450 editis
1948 428 2085 459 parum·

171 471 358 503 observata
385 476 445 505 est.
493 470 652 502 Plurimis
676 470 711 501 in
735 470 945 502 carminibus
969 469 1234 511 interpretandis
1258 470 1385 502 Dissen
1414 470 1488 512 ipse
1512 471 1682 504 Boeckhii
1712 472 1869 515 vestigiis
1893 472 2076 514 ingressus

171 536 242 558 non
267 526 379 558 solum
405 536 527 557 causas
551 535 666 557 rerum
692 524 925 567 mythicarum
951 535 997 557 ex
1020 524 1190 557 historicis
1213 525 1319 556 rebus
1341 524 1481 557 victoris
1505 531 1663 568 repetere
1687 528 1850 559 studebat
1874 527 1938 559 sed
1955 526 2076 559 omnia

170 581 311 613 omnino
331 580 485 622 mythica
504 581 549 611 ad
565 580 733 612 victorem
757 579 894 612 referre.
942 580 1047 612 Adeo
1063 580 1266 612 difficultate
1281 579 1425 621 reiipsa
1441 580 1631 612 doctissimi
1647 581 1711 613 viri
1734 582 1915 624 ingenium
1931 581 2071 614 videtur

1110 314 1149 344 10

169 690 293 725 lantur,
318 694 356 721 ut
380 699 450 720 non
474 689 643 721 desistant
666 690 843 726 Boeckhii,
868 690 1026 728 Dissenii,
1051 690 1234 727 Leutsehii,
1254 690 1292 723 L.
1309 688 1493 721 Schmidtii
1517 689 1793 721 coniecturarum
1817 700 2003 722 numerum
2028 691 2076 721 de

168 743 307 774 Pindari
329 744 433 774 rebus
458 743 621 784 mythicis
644 743 702 774 vel
725 743 896 775 historicis
917 745 1172 785 propositarum
1196 744 1296 775 novis
1316 753 1456 785 augere.
1504 742 1576 774 Sed
1599 743 1694 774 haud
1717 743 1911 784 proficiunt.
1959 742 2074 785 Saga·

168 796 308 828 citatem
340 797 515 838 quandam
547 797 733 844 declarant,
766 798 905 830 Pindari
930 799 1086 831 carmina
1109 809 1179 830 non
1204 797 1394 840 expediunt
1417 807 1531 839 neque
1555 807 1676 828 eorum
1701 796 1852 829 fructum
1883 796 2073 829 faciliorem

167 851 267 883 nobis
290 852 449 885 reddunt.
497 852 708 894 Plerumque
733 863 872 885 summa
896 854 1057 886 carminis
1081 853 1254 886 enucleari
1276 857 1401 894 potest,
1426 852 1561 884 etiamsi
1584 862 1654 884 non
1678 852 1833 894 contigit,
1858 856 1898 883 ut
1918 850 2074 883 efficeret

167 906 244 948 quis
268 906 422 938 fabulam
447 906 608 938 carminis
633 907 733 948 quasi
756 907 947 950 imaginem
971 919 1087 940 rerum
1112 908 1252 940 victoris
1277 907 1572 940 accuratissimam
1597 917 1683 938 esse.

278 960 319 991 In
343 960 494 992 carmine
519 961 561 992 N.
585 961 651 992 IX.
698 961 839 999 Dissen,
869 962 928 1003 qui
952 973 1074 994 omnes
1104 962 1296 993 carminum
1321 961 1528 999 „sententias
1552 961 1763 993 cardinales“
1787 961 1844 992 vel
1868 960 1914 991 ad
1938 958 2075 999 ἀρετήν

170 1015 227 1047 vel
251 1015 296 1046 ad
320 1012 488 1054 εὐτυχίαν
512 1020 663 1053 revocat,
689 1026 779 1057 quae
804 1014 913 1057 α’ρετὴ
937 1017 994 1048 vel
1026 1016 1170 1056 εὐτυχία
1202 1020 1262 1048 aut
1285 1015 1478 1057 simplicem
1503 1020 1564 1047 aut
1587 1014 1816 1057 compositam
1841 1013 1970 1047 efficiat
1993 1022 2072 1044 sen·

170 1069 312 1100 tentiam
338 1069 556 1106 cardinalem,
582 1070 664 1101 dicit
687 1069 887 1101 felicitatem
913 1070 1051 1110 (ὄλβον)
1076 1069 1230 1101 Chromii
1253 1070 1394 1107 laudari,
1419 1069 1655 1101 commendari
1680 1069 1887 1100 modestiam
1912 1068 2073 1099 modera-

169 1122 378 1164 tionemque.
425 1123 487 1155 Ab
510 1124 577 1155 hac
594 1123 766 1155 sententia
790 1123 955 1155 cardinali
974 1121 1150 1164 profectus
1166 1122 1320 1155 fabulam
1338 1127 1522 1165 totumque
1540 1133 1682 1154 carmen
1701 1122 1949 1164 interpretatus
1968 1126 2031 1152 est.

277 1177 350 1209 Alii
373 1178 418 1209 ad
442 1188 616 1209 summam
641 1178 743 1210 huius
760 1177 920 1209 carminis
941 1178 1192 1218 exquirendam
1218 1188 1315 1209 more
1333 1188 1397 1209 suo
1416 1177 1585 1219 imprimis
1602 1177 1756 1209 fabulam
1782 1178 1884 1218 (quae
1900 1184 2070 1217 magnam

169 1231 329 1262 carminis
352 1236 487 1272 partem
513 1231 631 1271 efficit)
657 1232 966 1263 consideraverunt
990 1242 1096 1272 quam
1128 1232 1387 1263 accuratissime
1419 1232 1561 1272 eiusqne
1592 1231 1762 1262 rationem
1794 1240 1951 1266 omnem,
1982 1229 2075 1260 sicut

168 1284 238 1318 iam
262 1285 406 1317 Boeckh
429 1285 566 1339 fecerat,
599 1296 645 1317 ex
670 1285 822 1318 Chromii
846 1285 1062 1327 temporibus
1092 1286 1267 1327 rebusque
1297 1284 1494 1327 patefacere
1525 1290 1630 1327 atque
1654 1285 1825 1316 illustrare
1855 1284 2075 1316 studuerunt.

278 1340 389 1372 Musis
413 1340 529 1372 autem
554 1341 723 1372 invocatis
750 1340 976 1381 Chromiique
1000 1341 1145 1372 victoria
1169 1345 1445 1372 commemorata
1470 1340 1510 1371 N.
1527 1340 1593 1373 IX.
1617 1345 1722 1381 poeta
1745 1338 1891 1371 Adrasti
1913 1337 2071 1369 fabulam

169 1393 278 1425 tribus
302 1394 452 1435 strophis
476 1399 610 1431 tractat,
635 1394 693 1435 qui
714 1395 817 1425 heros
836 1394 948 1436 Argis
973 1395 1017 1425 ab
1034 1394 1252 1435 Amphiarao
1272 1394 1403 1425 eiectus
1423 1404 1556 1435 rexque
1573 1393 1816 1435 Sicyoniorum
1840 1391 1954 1423 factus
1970 1391 2073 1422 ludos

170 1446 351 1489 Sicyonios
374 1448 565 1486 instituerit,
590 1448 714 1481 deinde
731 1448 853 1491 Argos
878 1458 1039 1480 reversus
1056 1448 1248 1480 exercitum
1273 1448 1307 1479 in
1325 1448 1582 1489 expeditionem
1605 1447 1776 1479 infelicem
1794 1451 1916 1479 contra
1930 1445 2072 1477 Thebas

169 1512 250 1533 cum
275 1502 490 1543 Amphiarao
515 1503 685 1534 eduxerit:
710 1502 912 1544 Sequuntur
935 1513 1056 1543 preces
1076 1513 1139 1544 pro
1155 1502 1326 1534 Aetnaeis
1339 1502 1515 1533 adhibitae
1527 1502 1717 1543 laudesque
1735 1511 1815 1532 cum
1829 1501 2074 1532 Aetnaeorum

175 1562 249 1586 tum
264 1554 423 1593 Chromii,
443 1556 539 1587 cuius
563 1557 673 1588 virtus
695 1557 820 1588 bellica
845 1557 949 1587 etiam
974 1567 1054 1588 eum
1068 1557 1224 1588 Hectore
1249 1562 1480 1598 comparatur.
1527 1556 1666 1587 Laudes
1690 1560 1726 1587 et
1748 1556 1845 1597 ipsae
1868 1555 1973 1586 trium
1997 1554 2074 1584 fere

171 1610 391 1651 stropharum
416 1610 531 1642 locum
556 1611 722 1643 obtinent.
769 1611 860 1642 Tum
886 1616 1005 1642 monet
1028 1616 1134 1653 poeta
1149 1611 1299 1654 negotiis
1315 1611 1351 1642 in
1369 1611 1551 1643 iuventute
1571 1615 1711 1643 strenue
1729 1610 1889 1652 iusteque
1905 1607 2075 1640 confectis

171 1664 357 1695 succedere
377 1665 488 1696 solere
504 1665 539 1696 in
556 1670 734 1697 senectute
751 1666 904 1707 quietem
923 1676 1037 1707 neque
1057 1665 1159 1696 licere
1176 1665 1374 1696 hominibus
1397 1666 1540 1696 modum
1560 1664 1714 1696 transire.
1739 1664 1906 1695 Absolvit
1922 1663 2073 1704 denique

0 1739 14 1754 ,
46 1747 72 1762 -,·-
172 1729 312 1750 carmen
337 1719 382 1750 ad
406 1720 603 1751 convivium
628 1720 859 1761 incipiendum
885 1721 1074 1752 adhortans
1098 1731 1168 1761 quo
1193 1725 1228 1752 et
1251 1720 1326 1761 ipso
1351 1720 1504 1752 Chromii
1527 1720 1673 1752 victoria
1696 1720 1904 1756 celebretur,
1934 1717 2071 1758 sibique

38 1774 67 1825 s
172 1772 237 1815 ipsi
260 1783 463 1815 prosperum
489 1773 648 1805 carminis
673 1779 864 1816 cantusque
889 1779 1054 1806 eventum
1081 1779 1261 1817 exoptans.

283 1828 357 1859 Nisi
385 1828 504 1859 fabula
535 1834 626 1860 esset
657 1830 700 1860 de
725 1829 880 1861 Adrasto
912 1834 946 1861 et
970 1829 1188 1871 Amphiarao
1218 1835 1365 1867 narrata,
1398 1834 1646 1872 argumentum
1677 1838 1886 1870 summaque
1910 1826 2075 1859 carminis

53 1900 60 1941 N
174 1881 345 1913 sententia
368 1881 499 1914 facilius
524 1889 640 1914 essent
669 1883 886 1924 expedienda
910 1888 945 1915 et
975 1894 1037 1925 per
1061 1895 1098 1916 se
1129 1884 1212 1916 satis
1242 1884 1433 1926 perspicua.
1496 1883 1567 1917 Sed
1596 1883 1715 1916 fabula
1745 1882 1858 1920 efficit,
1888 1886 1928 1914 ut
1957 1886 2074 1913 totum

174 1946 316 1967 carmen
339 1937 375 1967 in
392 1937 478 1968 duas
494 1942 611 1978 partes
627 1937 854 1979 disiungatur,
879 1948 968 1978 quae
987 1938 1099 1979 prima
1118 1939 1232 1979 specie
1247 1938 1336 1969 inter
1352 1949 1390 1969 se
1406 1948 1530 1979 pamm
1549 1938 1737 1969 videantur·
1748 1947 1871 1968 nexae.

288 1990 432 2022 Boeckh
456 1990 601 2023 Adrasti
625 1996 660 2023 et
682 1991 888 2033 Amphiarai
919 1992 1150 2024 dissensiones
1174 1992 1375 2033 bellumque
1402 1992 1609 2024 Thebanum
1643 1992 1686 2023 ad
1717 2001 1773 2023 res
1805 1993 1957 2022 exeunte
1980 1998 2074 2020 anno

175 2043 231 2077 Ol.
258 2046 332 2084 76,4
358 2046 434 2085 (473
460 2055 490 2076 a.
514 2044 589 2086 Ch.)
615 2050 733 2087 gestas
757 2045 870 2077 refert.

287 2098 456 2130 Boeckhii
475 2098 740 2140 explicationem
757 2100 917 2140 quamvis
933 2105 1070 2131 acutam
1092 2110 1132 2131 ac
1146 2100 1339 2141 speciosam
1355 2101 1543 2141 reprobant
1560 2105 1595 2131 et
1606 2099 1734 2131 Dissen
1746 2104 1781 2130 et
1794 2098 1947 2130 Leutsch
1960 2101 1995 2128 et
2007 2096 2075 2128 alii.

288 2151 345 2183 Ac
368 2152 517 2194 primum
542 2153 682 2193 quidem
706 2154 831 2185 mirum
855 2164 938 2185 sane
961 2159 1021 2191 est,
1047 2155 1139 2194 quod
1158 2154 1301 2185 Boeckh
1325 2165 1380 2186 res
1404 2154 1576 2196 mythicas
1598 2164 1720 2185 omnes
1741 2153 1797 2184 vel
1815 2153 1860 2183 ad
1877 2151 2073 2183 Hieronem

176 2206 234 2237 vel
259 2207 303 2237 ad
328 2207 524 2238 Theronem
549 2207 746 2239 referendas
771 2218 846 2239 esse
871 2209 1012 2245 censuit,
1037 2219 1251 2249 quamquam
1276 2214 1401 2250 poetae
1425 2209 1579 2240 maxime
1604 2209 1647 2239 de
1673 2207 1837 2239 Chromio
1860 2206 1895 2237 in
1919 2205 2074 2237 carmine

176 2260 244 2292 hoc
269 2260 447 2303 agendum
471 2260 544 2293 fuit.
591 2260 715 2303 Neque
740 2262 829 2293 enim
855 2261 988 2300 sufficit,
1012 2263 1106 2303 quod
1130 2262 1275 2295 Boeckh
1299 2262 1392 2301 dicit,
1418 2262 1620 2295 Chromium
1645 2261 1679 2293 in
1702 2260 1930 2302 Thrasydaeo
1953 2258 2072 2290 devin-

176 2315 289 2346 cendo
320 2315 465 2347 Hieroni
500 2326 642 2356 operam
677 2316 902 2357 praestitisse,
941 2327 1047 2357 quam
1082 2317 1262 2349 victoriam
1299 2329 1318 2349 e
1346 2318 1588 2359 Thrasydaeo,
1631 2322 1671 2348 ut
1707 2326 1752 2347 ex
1784 2314 1926 2347 Graecis
1955 2314 2074 2350 latam,

176 2378 227 2400 vs.
255 2379 295 2408 23
322 2378 397 2410 sqq.
421 2373 512 2400 tecte
537 2368 733 2412 significari.

288 2422 414 2456 Dissen
440 2423 557 2455 docuit
581 2434 646 2456 nec
669 2434 836 2465 personas
860 2435 923 2456 nec
942 2435 997 2456 res
1018 2424 1254 2466 explicationis
1271 2435 1292 2456 a
1310 2424 1490 2457 Boeckhio
1509 2424 1706 2467 propositae
1722 2422 1916 2455 consentire
1935 2422 2075 2454 fabulae

176 2489 199 2509 a
222 2478 374 2510 Pindaro
398 2482 566 2509 narratae.
614 2478 751 2510 Rerum
775 2489 859 2510 vero
883 2478 1051 2509 rationem
1081 2489 1102 2509 a
1126 2478 1303 2509 Boeckhio
1333 2479 1545 2520 propositam
1578 2478 1692 2510 minus
1717 2477 1901 2509 convenire
1924 2476 2073 2514 fabulae,

176 2533 270 2575 quod
296 2532 407 2564 Hiero
426 2536 462 2564 et
478 2532 594 2564 Thero
618 2543 688 2565 non
710 2533 840 2565 bellum
857 2533 1033 2575 quoddam
1050 2542 1244 2570 commune,
1268 2532 1356 2564 sicut
1372 2532 1547 2565 Adrastus
1567 2537 1603 2564 et
1618 2532 1863 2574 Amphiaraus,
1883 2530 2076 2574 gessissent

175 2588 240 2619 sed
258 2587 421 2619 Therone
445 2592 584 2619 mortuo
609 2587 719 2619 Hiero
743 2598 823 2620 cum
848 2588 1074 2629 Thrasydaeo
1102 2591 1303 2628 pugnasset.

289 2641 547 2676 Gravissimum
571 2647 689 2675 autem
713 2643 781 2675 hoc
805 2648 858 2675 est
882 2647 1108 2680 momentum,
1133 2641 1227 2683 quod
1251 2651 1297 2673 ex
1321 2640 1489 2673 Boeckhii
1511 2640 1644 2673 ratione
1667 2640 1785 2672 fabula
1815 2640 1864 2672 ita
1894 2640 2076 2682 explanari

174 2707 246 2730 non
269 2701 396 2739 potest,
421 2702 461 2729 ut
484 2697 644 2729 concinat
668 2708 748 2729 cum
773 2702 982 2740 argumento
1007 2701 1200 2728 ceterarum
1225 2695 1384 2727 carminis
1408 2695 1574 2737 partium:
1598 2695 1735 2727 Laudes
1757 2695 1909 2728 Chromii
1931 2694 2079 2727 bellicas
