2251 2948
0 0 263 185 7

171 401 300 444 quibus
323 399 516 432 sententiae
532 399 704 441 quaedam
723 400 903 442 generales
927 400 1117 433 doceantur
1132 402 1189 434 vel
1205 402 1425 433 illustrentur.
1473 400 1695 443 Quamquam
1717 410 1788 432 non
1812 405 1929 442 potest
1948 401 2071 444 negari

173 460 326 498 poetam,
349 454 410 486 ubi
433 465 489 486 res
513 454 686 496 mythicas
709 459 833 493 narret,
857 455 1058 496 saepissime
1081 467 1137 488 res
1161 457 1330 498 quasdam
1356 467 1377 488 a
1397 456 1586 488 victoribus
1611 457 1667 488 vel
1692 461 1812 498 gestas
1836 456 1893 487 vel
1917 456 2070 499 agitatas

172 511 222 543 ita
243 509 423 552 respicere,
447 514 487 541 ut
509 509 566 541 vel
589 510 706 541 laudet
729 510 787 542 vel
805 510 1036 551 reprehendat
1055 511 1212 543 modeste
1230 521 1297 549 eos,
1321 521 1468 553 quorum
1492 510 1653 543 victorias
1672 510 1882 543 carminibus
1907 511 2069 543 celebret.

174 565 336 606 (,‚Totum
353 564 547 606 mythicum
573 565 707 596 dicendi
727 576 839 607 genus
863 565 947 596 illud
970 567 1193 597 commodum
1210 567 1323 603 habet,
1348 567 1442 606 quod
1466 571 1500 597 et
1524 567 1599 597 laus
1623 566 1804 597 iucundior
1828 571 1882 597 est
1900 566 2069 597 indirecta

172 629 280 661 quam
304 618 436 650 directa
459 623 495 650 et
517 619 747 660 reprehensio,
779 624 814 650 et
836 624 1023 660 potuerunt
1047 620 1151 651 etiam
1175 619 1334 661 politicae
1357 630 1412 651 res
1442 620 1620 662 graviores
1644 620 1692 651 sic
1717 620 1858 651 tractari
1880 620 2007 651 decore
2033 624 2069 651 et

173 674 308 717 digne“.
332 673 483 715 Dissen.)
547 673 727 706 Eiusmodi
750 674 870 705 laudes
895 679 930 705 et
953 674 1205 706 admonitiones
1228 674 1352 706 fabulis
1377 674 1475 716 quasi
1504 675 1650 706 vestitae
1680 680 1785 716 atque
1816 679 1960 707 ornatae
1984 679 2067 706 sunt

174 728 397 767 „allusionew
412 728 499 766 illae,
523 739 610 770 quas
626 733 754 760 vocant
772 729 977 769 interpretes
992 730 1100 761 nostri
1116 730 1331 761 recentiores.
1356 728 1489 760 Verum
1505 734 1623 760 tamen
1639 740 1743 771 quam
1761 729 1978 761 cautissimos
1989 739 2067 760 esse

173 788 313 825 oportet
323 783 358 814 in
371 783 540 815 eiusmodi
550 783 809 821 „allusionibus“
818 783 1077 825 investigandis,
1093 785 1221 815 nedum
1232 788 1342 815 totam
1353 784 1526 824 quandam
1537 782 1688 815 fabulam
1702 794 1747 815 ex
1763 784 1988 815 allusionibus
2000 783 2067 815 illis

172 842 334 869 constare
357 842 529 878 putemus.
1589 826 1595 831 ⁶

285 891 366 923 Hoc
381 901 466 922 vero
485 891 565 922 licet
583 901 647 931 pro
666 896 762 922 certo
776 891 977 928 habeamus,
1001 890 1127 928 fabula,
1151 890 1399 931 „pulcherrima
1414 891 1607 922 divinarum
1632 897 1667 923 et
1690 892 1920 923 humanarum
1947 902 2064 923 rerum

173 945 354 988 imagine“‚
378 955 552 977 summam
569 946 730 977 carminis
753 945 868 987 aliquo
884 945 990 976 modo
1013 945 1173 976 illustrari
1197 950 1231 976 et
1248 945 1473 986 comprobari.
1520 945 1641 987 Atque
1660 956 1764 987 saepe
1780 946 1884 977 etiam
1902 946 2064 989 singulae

179 1005 297 1041 partes
320 999 460 1031 fabulae
483 1000 630 1042 singulis
654 1000 811 1041 partibus
834 999 1033 1037 sententiae,
1057 1010 1159 1041 quam
1185 1000 1403 1040 potissimum
1427 1005 1530 1040 poeta
1553 1005 1633 1031 ante
1658 1001 1777 1032 oculos
1800 1000 1949 1040 positam
1969 1000 2064 1037 velit,

172 1054 385 1095 roepondere
407 1054 577 1086 videntur.

284 1108 471 1141 Praeterea
499 1114 770 1142 consentaneum
803 1114 856 1141 est
879 1114 1018 1151 poetam
1052 1110 1096 1141 ad
1126 1119 1266 1141 carmen
1290 1108 1464 1150 quoddam
1500 1109 1653 1141 ἐπίνικον
1676 1109 1899 1151 pangendum
1935 1119 2064 1151 aggre-

172 1162 336 1201 dientem,
360 1163 390 1194 si
412 1162 486 1194 fieri
509 1163 629 1204 potuit,
654 1173 731 1195 eam
755 1163 909 1195 fabulam
921 1163 997 1200 *sibi
1021 1164 1183 1206 elegisse,
1207 1173 1297 1205 quae
1320 1173 1389 1194 non
1414 1163 1526 1194 solum
1550 1163 1595 1194 ad
1619 1173 1789 1194 summam
1816 1163 1976 1194 carminis
2001 1163 2063 1194 sed

171 1217 278 1249 etiam
302 1217 338 1249 in
360 1217 527 1249 victorem
552 1217 665 1258 ipsum
689 1228 795 1259 quam
820 1217 973 1250 maxime
996 1218 1189 1259 quadraret.

284 1270 374 1303 Cum
399 1271 568 1309 Dissenio,
593 1272 653 1312 qui
676 1272 816 1312 quidem
841 1271 965 1304 fabulis
989 1272 1195 1304 sententiam
1220 1271 1379 1303 carminis
1403 1271 1569 1303 declarari
1592 1271 1693 1308 dicat,
1735 1271 1873 1313 (.,ipsius
1897 1272 2062 1303 thematis

172 1325 406 1366 pulcherrima
425 1325 611 1357 declaratio
635 1326 669 1357 in
689 1325 850 1367 fabulis,“)
874 1326 923 1358 ita
939 1326 1180 1363 consentimus,
1204 1331 1243 1357 ut
1259 1326 1293 1357 in
1309 1325 1520 1366 explicandis
1541 1324 1665 1357 fabulis
1684 1326 1831 1366 primum
1850 1336 1891 1357 ac
1908 1326 2062 1357 maxime

170 1383 419 1421 argumentum
444 1379 693 1421 consiliumque
716 1385 909 1412 ceterarum
934 1380 1093 1412 carminis
1116 1380 1265 1421 partium
1291 1380 1578 1411 considerandum
1603 1389 1679 1411 esse
1703 1389 1917 1411 censeamus.

280 1431 430 1465 Dissenii
454 1434 639 1475 disputatio
663 1435 724 1471 „de
747 1434 881 1466 ratione
910 1435 1101 1466 carminum
1125 1434 1383 1465 Pindaricorum
1415 1439 1450 1465 et
1473 1435 1517 1465 de
1546 1434 1836 1475 interpretationis
1866 1444 1996 1476 genere
2020 1434 2061 1465 iis

169 1487 386 1519 adhibendo“
416 1488 520 1519 etiam
558 1498 650 1520 nunc
685 1488 888 1531 dignissima
925 1493 995 1526 est,
1033 1498 1122 1529 quae
1153 1489 1298 1530 legatur.
1364 1488 1660 1529 Vituperaverunt
1695 1488 1836 1529 quidem
1868 1488 2061 1525 Hermann,

168 1541 441 1580 Rauchenstein,
465 1542 521 1574 alii
544 1543 724 1575 schemata
746 1543 818 1580 illa,
857 1553 948 1584 quae
971 1542 1097 1574 Dissen
1121 1543 1166 1574 ad
1188 1543 1426 1574 illustrandam
1451 1542 1592 1574 Pindari
1615 1547 1725 1574 artem
1750 1543 1942 1574 carminum
1967 1553 2061 1575 com-

168 1597 409 1637 ponendorum
434 1598 627 1638 proposuit,
666 1603 771 1639 atque
795 1598 899 1629 etiam
923 1598 980 1629 alii
1003 1598 1069 1629 alia
1092 1598 1377 1638 reprobaverunt:
1417 1608 1538 1629 omnes
1562 1608 1647 1629 vero
1677 1598 1820 1629 laudant
1843 1598 2060 1640 diligentiam

167 1655 205 1682 et
233 1660 365 1688 curam,
405 1661 475 1692 qua
505 1652 558 1683 vir
587 1652 806 1684 doctissimus
842 1656 1050 1693 argumenta
1077 1651 1267 1683 carminum
1300 1651 1558 1682 Pindaricorum
1589 1651 1879 1693 pervestigaverit
1915 1661 2061 1692 remque

168 1703 405 1737 difficillimam
428 1706 690 1747 pertractaverit
713 1711 748 1738 et
770 1706 806 1737 in
829 1706 1019 1737 mirabilem
1044 1706 1217 1746 quendam
1241 1707 1396 1737 ordinem
1415 1706 1599 1747 redegerit.
1648 1704 1812 1738 Omnibus
1836 1706 1932 1736 haud
1956 1706 2061 1737 dubie

168 1758 320 1791 Dissenii
342 1760 547 1801 opusculum
572 1760 675 1791 valde
698 1759 825 1801 profuit
848 1760 893 1792 ad
916 1760 1178 1801 intelligendum
1207 1765 1369 1799 recteque
1400 1759 1644 1800 explicandum
1675 1764 1815 1800 poetam
1840 1759 2059 1796 Thebanum,

167 1824 284 1855 neque
307 1814 413 1846 ceteri
436 1815 640 1856 interpretes
663 1815 817 1847 eiusdem
841 1815 905 1846 viri
932 1814 1103 1851 doctrina,
1139 1824 1242 1855 quem
1279 1815 1335 1845 vel
1370 1814 1578 1856 impugnent
1613 1814 1670 1844 vel
1706 1813 1846 1845 omnino
1875 1814 2061 1856 negligere

167 1868 360 1907 videantur,
383 1879 453 1901 non
476 1869 530 1901 usi
552 1874 641 1901 sunt.
687 1869 808 1910 Atque
831 1880 875 1900 ne
892 1869 1073 1900 Hermann
1097 1868 1236 1909 quidem
1260 1868 1420 1900 Dissenio
1444 1868 1567 1899 merita
1590 1868 1706 1901 omnia
1726 1868 1949 1900 abiudicaw't:
1975 1868 2060 1909 quin

168 1922 275 1955 etiam
298 1923 479 1956 schemata
501 1923 560 1955 illa
583 1934 653 1955 non
675 1934 816 1965 prorsus
839 1923 970 1955 inutilia
993 1922 1080 1954 dixit
1103 1923 1165 1954 sed
1188 1927 1270 1964 apta
1294 1932 1370 1954 esse
1394 1923 1439 1954 ad
1462 1922 1793 1964 „interpositionem‘·
1818 1923 1921 1960 illam,
1953 1933 2058 1964 quam

168 1978 295 2010 Dissen
319 1983 432 2016 vocat,
456 1979 694 2010 illustrandam
718 1978 898 2012 concessit.
945 1977 1076 2019 (Herm.
1100 1987 1216 2019 opusc.
1240 1977 1301 2009 VI.
1324 1988 1356 2019 p.
1383 1977 1446 2017 23.)

0 2060 4 2082 Γ
278 2032 414 2072 Dissen,
438 2033 497 2075 qui
519 2033 678 2075 princeps
701 2033 750 2065 rei
774 2031 1000 2075 gravissimae
1024 2042 1165 2073 operam
1189 2031 1237 2063 ita
1260 2032 1448 2069 navaverit,
1472 2036 1511 2063 ut
1534 2031 1714 2063 materiam
1738 2032 1986 2073 amplissimam
2011 2033 2060 2064 ad

0 2086 2 2108 ¹
169 2092 281 2120 artem
306 2093 342 2120 et
365 2089 410 2120 ad
434 2093 620 2130 praecepta
647 2093 839 2125 revocaret,
870 2086 1092 2129 argutissime
1115 2086 1254 2118 Pindari
1277 2086 1472 2128 explicandi
1499 2087 1669 2118 rationem
1700 2087 1912 2119 examinavit
1943 2087 2058 2129 dispu—

167 2142 334 2185 tavitque.
381 2143 424 2175 In
446 2143 495 2181 iis,
524 2154 614 2185 quae
637 2142 772 2184 scripsit
795 2143 839 2174 de
862 2146 924 2173 rat.
948 2151 1052 2175 carm.
1076 2140 1173 2172 Pind.
1198 2146 1232 2172 et
1256 2142 1300 2172 de
1323 2142 1381 2173 int.
1407 2152 1495 2184 gen„
1524 2141 1723 2173 etiamnunc
1746 2141 1942 2173 invenimus
1971 2142 2059 2174 diffi-

0 2201 7 2220 *
167 2197 316 2229 cillimae
340 2197 578 2239 explicationis
602 2207 769 2229 normam.
816 2196 904 2228 Cum
927 2200 1044 2227 autem
1069 2195 1122 2227 vir
1144 2195 1201 2227 ille
1218 2196 1437 2228 doctissimus
1456 2196 1590 2228 initium
1609 2196 1727 2228 fecerit
1747 2196 1844 2238 quasi
1861 2196 2060 2237 disciplinae

166 2251 357 2289 cuiusdam,
381 2252 465 2293 quid
487 2252 622 2289 mirum,
647 2252 741 2293 quod
763 2250 936 2286 nonnulla,
960 2260 1049 2291 quae
1072 2255 1275 2291 persecutus
1299 2256 1366 2287 est,
1398 2252 1443 2282 ab
1467 2251 1542 2282 aliis
1572 2251 1779 2293 corrigenda
1809 2257 1914 2292 atque
1942 2261 2059 2282 emen-

166 2305 284 2337 danda
307 2307 425 2337 erant?
471 2305 573 2338 Nunc
597 2315 680 2337 sane
704 2315 807 2336 nemo
831 2309 892 2341 est,
916 2303 975 2345 qui
999 2303 1034 2335 in
1057 2303 1207 2335 Dissenii
1229 2304 1422 2346 praeceptis
1454 2310 1490 2336 et
1518 2306 1705 2337 schematis
1730 2305 1935 2346 acquiescat.
1982 2304 2057 2336 Iam

165 2359 259 2392 enim
283 2360 464 2392 didicimus
483 2360 622 2392 Pindari
644 2359 812 2391 rationem
836 2358 1008 2400 poeticam
1033 2358 1173 2391 meliore
1198 2369 1238 2391 ac
1262 2359 1469 2401 simpliciore
1492 2360 1598 2392 modo
1623 2360 1806 2401 explicare.

276 2414 394 2446 Recte
417 2425 502 2446 vero
525 2414 651 2446 Dissen
674 2414 759 2445 illud
779 2413 971 2455 proposuit:
995 2413 1055 2451 „In
1078 2412 1202 2445 fabulis
1225 2414 1314 2445 inest
1337 2414 1448 2445 ideale
1472 2415 1673 2455 exemplum
1697 2414 1887 2445 sententiae
1911 2413 2052 2444 carmini

164 2468 370 2503 subiectae.“
411 2468 498 2501 Inde
522 2473 639 2501 autem
663 2472 807 2510 apparet
829 2467 864 2499 in
887 2467 1110 2509 expediendis
1133 2468 1237 2499 rebus
1263 2468 1426 2510 mythicis
1451 2468 1670 2510 potissimum
1697 2478 1869 2500 summam
1893 2467 2054 2499 carminis

164 2524 391 2564 spectandam
416 2534 493 2555 esse
517 2528 552 2555 et
571 2527 817 2565 argumentum
841 2521 980 2554 fabulae
1003 2533 1083 2554 cum
1108 2529 1315 2565 argumento
1332 2528 1525 2554 ceterarum
1550 2522 1709 2554 carminis
1729 2522 1877 2564 partium
1903 2521 1951 2553 ita
1975 2531 2055 2553 con—

164 2586 293 2618 gruere
317 2577 453 2615 debere,
477 2582 517 2608 ut
540 2587 610 2608 una
633 2577 804 2619 quaedam
829 2575 999 2608 efficiatur
1021 2577 1191 2608 sententia
1215 2586 1360 2607 summa.
1407 2576 1570 2608 Ceterum
1594 2577 1689 2612 haud
1719 2576 1822 2606 dubie
1852 2581 1956 2616 poeta
1979 2585 2055 2606 sae-

164 2631 307 2673 pissime
330 2642 373 2664 ea
396 2642 481 2664 usus
505 2637 559 2664 est
582 2632 727 2670 licentia,
751 2637 790 2663 ut
814 2632 958 2663 adderet
981 2632 1161 2669 nonnulla,
1191 2641 1283 2673 quae
1313 2641 1427 2673 neque
1457 2632 1502 2663 ad
1532 2630 1739 2663 sententiam
1763 2630 1870 2662 totius
1894 2630 2054 2661 carminis

163 2696 279 2728 neque
302 2687 348 2719 ad
371 2697 427 2719 res
450 2688 620 2729 quasdam
645 2687 786 2719 victoris
809 2687 1028 2729 pertinerent,
1053 2688 1114 2719 sed
1138 2687 1340 2719 exornando
1368 2686 1511 2718 carmini
1526 2686 1650 2718 idonea
1666 2690 1790 2719 essent.
1838 2684 1938 2727 Quae
1961 2695 2016 2717 res
2033 2695 2056 2716 a

147 2916 201 2948 x
1735 2898 1738 2901 ’
1972 2809 2251 2948 Ι’Δ

1117 298 1136 329 9
