2251 2948
0 0 283 198 V

192 388 324 420 vivium
350 393 509 429 paratum
534 388 706 420 alacribus
730 389 852 421 animis
875 390 910 421 in
934 391 1162 432 convivioque
1193 396 1228 422 et
1258 391 1341 423 iocis
1371 397 1408 423 et
1440 392 1599 424 versibus
1628 403 1728 425 more
1754 392 1858 424 solito
1881 393 2101 424 celebrarent

192 442 383 480 victoriam,
414 453 520 485 quam
552 453 682 484 pompa
714 442 957 486 sacrificiisque
987 449 1023 476 et
1050 444 1201 477 carmine
1230 445 1299 477 iam
1331 445 1463 478 affatim
1494 447 1740 479 celebrassent.
1801 445 1969 489 Quisquis
1993 447 2100 478 rebus

194 497 303 539 gestis
326 507 397 529 non
421 497 527 528 modo
551 497 698 540 gloriam
723 498 786 530 sed
808 498 915 530 etiam
939 509 1024 540 opes
1047 498 1112 530 sibi
1135 504 1300 540 parasset,
1324 510 1405 531 eum
1424 500 1493 532 iam
1506 500 1577 532 otio
1601 511 1643 533 ac
1658 500 1766 542 quieti
1782 510 1824 532 se
1847 501 1976 532 dedere
1991 500 2098 532 licere

0 555 8 603 ζ
191 549 258 591 (vs.
284 552 418 591 46—48
444 550 665 592 συμπόσιον);
689 552 843 594 quisquis
867 557 984 584 autem
1008 553 1043 584 in
1066 553 1155 584 ludis
1179 553 1325 591 vicisset,
1350 564 1431 585 eum
1454 564 1525 586 non
1548 556 1654 586 modo
1677 564 1810 596 pompa
1839 559 1877 586 et
1905 553 2094 591 sacrificiis

0 599 19 661 ᾗ
193 603 298 646 (quae
322 605 427 636 modo
451 609 532 636 sunt
554 606 716 646 peracta),
741 607 804 638 sed
827 606 931 638 etiarn
951 607 1112 645 carmine,
1137 605 1244 649 (quod
1267 612 1342 640 tum
1359 608 1472 650 ipsum
1491 609 1737 652 peragebatur)
1760 609 1917 651 itemque
1933 608 2098 641 convivio

5 663 13 671 ‘¹
192 660 296 696 laeto,
312 660 407 701 quod
425 659 494 691 iam
514 665 606 691 esset
622 660 861 701 incipiendum,
883 662 1049 693 celebrari
1064 663 1196 693 decere.
1236 661 1385 694 Carmen
1401 668 1437 694 et
1455 663 1654 695 convivium
1670 664 1719 695 ita
1739 674 1818 696 oese
1836 663 2098 705 coniungenda,

193 718 232 745 ut
248 713 365 745 cantui
383 718 486 755 potus
507 718 542 745 et
558 714 654 755 potui
672 719 794 746 cantus
810 716 1021 747 succederet.
1055 715 1189 747 Vocem
1211 716 1362 748 carmine
1380 721 1519 748 cantato
1535 716 1720 759 fatigatam
1737 718 1854 749 denuo
1869 716 2095 749 reficiendam

189 779 270 800 esse
292 768 382 800 inter
404 769 541 809 pocula,
566 773 605 800 ut
620 780 738 801 rursus
763 774 798 801 et
816 770 932 801 verbis
956 769 1077 801 solutis
1096 775 1132 801 et
1155 769 1313 801 versibus
1336 770 1458 802 subitis
1477 771 1754 813 iocularibusque
1777 771 1947 803 victorem
1971 775 2094 812 posset

192 822 334 854 laudare
358 826 394 854 et
418 822 603 857 celebrare.
668 823 791 865 Itaque
815 823 933 855 verbis
956 824 1009 860 iis,
1043 824 1087 855 ad
1117 834 1207 865 quae
1230 823 1389 856 Schmidt
1419 825 1635 865 provocavit,
1669 826 1737 857 hoc
1764 830 1903 856 tantum
1933 824 2096 860 efficitur.

189 868 417 900 sollemnibus
441 868 564 900 ceteris
588 870 735 910 peractis
759 869 863 901 etiam
891 869 1089 901 convivium
1114 880 1199 901 mox
1223 880 1299 901 esse
1322 871 1597 902 subsecuturum.

304 922 428 954 Cetera
459 922 640 954 Schmidtii
671 929 880 965 argumenta
910 934 979 955 non
1010 924 1124 955 minus
1154 925 1285 954 caduca
1315 930 1396 955 sunt
1425 935 1531 965 quam
1561 935 1653 965 quae
1682 924 1919 956 refutavimus.
1967 924 2091 956 Verba

189 975 284 1007 enim
309 975 449 1016 γλυκύν
479 975 605 1016 κώμου
634 975 832 1016 προφάταν
864 987 1026 1014 „suavem
1056 987 1207 1019 pompae
1234 978 1495 1019 praenuntium“
1522 977 1720 1021 significent
1750 989 1820 1010 non
1851 988 1997 1010 necesse
2027 984 2092 1015 est,

190 1041 271 1062 curn
310 1030 470 1063 Schmidt
504 1031 578 1073 ipse
609 1032 778 1063 concedat
809 1042 896 1063 voce
928 1029 1046 1072 κῶμος
1084 1032 1187 1063 etiam
1219 1032 1418 1063 convivium
1449 1033 1624 1064 nonnullis
1658 1032 1743 1064 locis
1773 1033 1868 1074 apud
1899 1032 2091 1064 Pindarum

189 1083 387 1127 significari.
442 1085 563 1127 Atque
594 1085 667 1117 aliis
698 1085 782 1117 locis
813 1096 886 1117 vox
914 1088 1029 1125 κῶμος
1069 1086 1210 1117 omnino
1241 1086 1409 1118 sollemne
1440 1086 1617 1128 quoddam
1648 1086 1836 1128 omniaque
1866 1086 2091 1118 sollemnium

188 1140 450 1172 *oblectamenta
480 1139 676 1183 significare
711 1140 856 1172 videtur.
917 1139 966 1172 Cf.
997 1139 1051 1172 Ol.
1075 1139 1141 1177 VI,
1179 1143 1234 1172 18:
1281 1140 1387 1180 ἀνδρὶ
1421 1139 1547 1181 κώμου
1579 1139 1733 1184 δεσπότᾳ
1755 1147 1800 1183 ,εἰ
1830 1140 1914 1172 Isth.
1946 1141 1996 1179 ΙΙ,
2032 1151 2094 1181 30:

191 1197 254 1225 καὶ
283 1194 358 1235 γάρ
382 1192 449 1225 οὐκ
484 1191 640 1235 ἀγνῶτες
664 1194 749 1234 ὑμῖν
773 1194 840 1226 ἐντὶ
865 1193 966 1233 δόμοι
990 1194 1071 1227 οιῗτε
1097 1194 1241 1233 κώμων,
1266 1189 1296 1226 ὦ
1321 1193 1562 1235 Θρασύβουλ’,
1586 1194 1727 1234 ἐρατῶν
1751 1196 1835 1227 ου”τε
1859 1194 2095 1234 μελικόμπων

193 1246 330 1278 ἀοιδᾶν.
389 1247 444 1278 De
469 1257 554 1278 voce
578 1245 694 1286 κῶμος
728 1247 769 1278 cf.
795 1247 962 1278 Thiersch
986 1248 1083 1278 Pind.
1107 1248 1189 1278 Intr.
1213 1258 1245 1288 p.
1275 1258 1335 1286 1¹4
1361 1257 1436 1287 sqq.
1461 1266 1504 1270 —

304 1300 437 1342 Quodsi
463 1300 621 1333 Schmidt
652 1301 787 1332 monuit
817 1301 965 1342 primam
990 1306 1025 1332 et
1048 1301 1187 1332 ultimas
1215 1302 1302 1332 duas
1333 1302 1493 1342 strophas
1524 1302 1685 1333 carminis
1716 1302 1880 1334 eximiam
1913 1301 2093 1343 quandam

192 1355 401 1386 hilaritatem
425 1355 661 1396 laetitiamque
686 1356 874 1392 declarare,
922 1355 1071 1386 eximiae
1100 1356 1202 1386 huius
1233 1355 1412 1386 hilaritatis
1443 1366 1484 1386 ac
1514 1356 1665 1386 laetitiae
1695 1357 1857 1397 quamvis
1887 1355 2091 1396 aptissimae

193 1409 238 1440 ad
269 1409 465 1441 convivium
500 1409 584 1441 alias
613 1419 735 1441 causas
773 1408 896 1441 afferre
932 1420 1126 1451 possumus.
1172 1409 1353 1440 Admonet
1384 1409 1474 1440 enim
1506 1415 1611 1450 poeta
1641 1409 1809 1441 victorem
1840 1410 1946 1441 rebus
1979 1408 2094 1451 gestis

192 1464 453 1495 celeberrimum
484 1464 682 1504 optimeque
711 1464 887 1500 meritum,
918 1470 957 1494 ut
987 1464 1055 1494 iam
1086 1463 1219 1494 fruatur
1249 1463 1318 1493 otio
1343 1464 1649 1504 voluptatibusque
1682 1474 1723 1495 ac
1747 1464 1881 1495 deliciis
1905 1463 2000 1494 vitae
2024 1463 2090 1494 sibi

192 1517 329 1560 paratis.
376 1518 500 1549 Nonne
525 1518 692 1562 eiusmodi
717 1518 905 1549 admonitio
928 1518 996 1549 iam
1021 1528 1083 1559 per
1106 1528 1143 1548 se
1167 1517 1375 1548 hilaritatem
1400 1518 1574 1559 quandam
1600 1517 1739 1550 efficere
1762 1519 1902 1559 potest?

303 1572 455 1604 Omnino
479 1583 533 1609 ea,
566 1582 655 1613 quae
681 1571 837 1604 Schmidt
860 1572 1051 1613 proposuit,
1080 1582 1150 1612 quo
1178 1577 1335 1612 ternpore
1359 1577 1394 1602 et
1418 1581 1488 1612 qua
1510 1572 1644 1602 ratione
1668 1582 1808 1603 carmen
1832 1573 1878 1602 sit
1902 1577 2092 1603 cantatum·

192 1631 264 1658 tam
282 1626 463 1658 insolentia
478 1631 565 1664 sunt,
586 1631 624 1658 ut
643 1626 704 1657 vix
721 1626 881 1668 cuiquam
900 1626 1038 1668 probari
1054 1625 1195 1672 possint.
1242 1625 1356 1656 Nemo
1373 1625 1467 1663 alius,
1483 1630 1652 1667 quantum
1670 1625 1808 1663 scimus,
1825 1625 1998 1657 eiusmodi
2015 1635 2093 1656 sen-

193 1681 336 1713 tcntiam
349 1692 542 1723 proponere
559 1686 703 1713 conatus
723 1687 785 1713 est.
820 1680 966 1714 Carmen
985 1681 1166 1723 epinicium
1183 1680 1217 1712 in
1237 1680 1311 1722 ipso
1328 1680 1487 1712 convivio
1506 1680 1596 1712 inter
1610 1681 1736 1722 pocula
1752 1685 1932 1712 cantatum
1950 1690 2030 1712 esse
2046 1681 2092 1711 ab

193 1736 311 1767 amicis
327 1736 588 1776 hospitibusque
605 1735 757 1767 Chromii
775 1735 1073 1779 compotantibus!
1119 1735 1263 1765 Poetam
1280 1741 1407 1771 autem,
1432 1745 1512 1765 cum
1529 1745 1670 1765 carmen
1686 1735 1861 1771 scriberet,
1886 1736 1953 1765 hoc
1970 1735 2086 1774 ipsum
2216 1744 2238 1763 r

193 1789 443 1831 respicientem,
469 1789 563 1831 quod
587 1789 749 1830 hospites,
774 1788 899 1831 quibus
924 1799 1062 1820 carmen
1087 1788 1280 1819 canendum
1298 1793 1398 1825 esset,
1422 1788 1455 1819 in
1481 1787 1728 1819 difficilioribus
1753 1788 1872 1819 metris
1894 1788 2087 1819 tractandis

193 1855 315 1884 parum
340 1849 456 1874 essent
480 1844 665 1880 exercitati,
690 1845 850 1883 strophas
874 1845 999 1874 breves
1030 1842 1142 1873 forma
1173 1842 1453 1882 monostrophica
1481 1842 1805 1883 simplicissimoque
1837 1848 1950 1873 metro
1982 1852 2085 1873 usum

193 1895 445 1939 composuisse!
492 1896 562 1929 Sed
587 1895 727 1929 Graecis
751 1906 913 1928 numeros
937 1896 971 1927 in
996 1895 1203 1927 carminibus
1228 1895 1406 1927 cantandis
1430 1896 1524 1927 haud
1547 1900 1621 1927 tam
1646 1906 1813 1938 magnam
1846 1895 2089 1927 difficultatvm

193 1952 348 1983 attulisse
378 1952 492 1992 liquet,
517 1962 597 1982 cum
621 1962 842 1982 numerorum
867 1950 1104 1991 percussiones
1129 1951 1173 1980 ab
1190 1960 1240 1986 ΘΟ,
1265 1950 1323 1990 qui
1339 1955 1482 1981 cantum
1507 1951 1723 1991 chorumque
1747 1950 1930 1992 dirigebat,
1955 1960 2090 1992 magno

192 2016 273 2037 cum
299 2005 442 2046 strepitu
468 2005 609 2036 indicari
633 2005 721 2046 pede
745 2005 904 2035 solerent.

304 2058 442 2090 Pindari
461 2059 613 2090 carmina
629 2058 772 2099 epinicia
787 2068 808 2089 a
827 2057 940 2089 choris
956 2057 1107 2088 virorum
1128 2056 1338 2087 iuvenumve
1357 2057 1446 2088 bene
1466 2057 1664 2088 exercitatis
1683 2062 1824 2089 cantata
1843 2068 1921 2089 esse
1941 2064 2091 2098 exceptr-

194 2112 386 2143 Schmidtio
410 2123 530 2143 omnes
555 2112 780 2143 consentiunt.
827 2111 879 2149 (cf.
903 2122 992 2151 quae
1017 2111 1182 2141 Thiersch
1207 2112 1251 2141 de
1274 2112 1339 2141 hac
1363 2121 1401 2141 re
1424 2111 1621 2151 disputavit,
1647 2112 1744 2142 Pind.
1768 2113 1789 2144 l.
1809 2122 1837 2142 c.
1861 2123 1893 2152 p.
1922 2109 1981 2151 1o3
2006 2118 2091 2151 sqq.»

0 2172 14 2230 ἰ
194 2166 388 2199 Choreutae
412 2178 433 2198 a
457 2167 605 2199 Pindaro
628 2166 703 2208 ipso
726 2165 877 2196 τέκτονες
910 2164 1045 2204 κώμων
1070 2164 1121 2206 (N.
1146 2164 1216 2210 III..
1238 2166 1278 2205 4),
1303 2163 1451 2197 artifices
1475 2165 1668 2197 carminum
1686 2176 1839 2203 suorum,
1863 2166 2093 2208 appellantur.

194 2222 308 2252 Multo
331 2221 542 2262 probabilius
560 2226 659 2256 esset,
684 2221 711 2251 si
729 2219 887 2251 Schmidt
910 2230 977 2249 non
1004 2219 1134 2249 amicos
1159 2220 1368 2250 accubantes
1393 2220 1455 2250 sed
1479 2220 1565 2250 alios
1582 2221 1752 2260 quosdam
1771 2221 1829 2251 vel
1846 2220 2090 2261 Syracusanos

193 2276 251 2306 vel
275 2275 454 2307 Aetnaeos
486 2275 647 2307 cantandi
677 2273 893 2315 saltandique
918 2272 1054 2314 peritos,
1079 2283 1158 2303 cum
1184 2272 1284 2303 amici
1304 2272 1554 2310 accubuissent,
1579 2284 1721 2305 carmen
1745 2274 1911 2305 cecinisse
1936 2274 2091 2307 dixisset.

194 2329 265 2361 Sed
288 2331 377 2362 inter
399 2331 524 2372 pocula
548 2340 686 2362 carmen
711 2329 885 2370 quoddam
910 2328 1092 2369 epinicium
1114 2333 1291 2358 cantatum
1316 2338 1393 2359 esse
1419 2328 1561 2359 omnino
1585 2329 1771 2361 verisimile
1795 2340 1865 2361 non
1891 2335 1952 2361 est.
2003 2330 2090 2361 Post

193 2384 392 2415 convivium
416 2385 507 2416 enim
531 2394 695 2426 pompam
720 2384 859 2414 ductam
885 2393 969 2416 esse,
994 2382 1028 2412 id
1053 2383 1146 2422 quod
1171 2381 1330 2412 Schmidt
1354 2383 1541 2419 contendit,
1566 2383 1723 2423 cogitare
1747 2384 1925 2416 nonlicet.
1975 2384 2091 2414 Nemo

194 2438 285 2468 enim
316 2438 469 2480 ignorat,
500 2443 637 2469 veteres
665 2439 751 2468 hora
781 2437 1016 2477 pomeridiana
1046 2437 1119 2467 sole
1150 2436 1218 2466 iam
1251 2436 1438 2468 inclinante
1468 2439 1677 2468 accumbere
1707 2448 1821 2479 neque
1852 2444 1927 2469 tam
1952 2443 2091 2468 mature

194 2502 339 2534 surgere
363 2504 384 2523 a
407 2503 516 2524 coena
539 2493 659 2524 solitos
683 2502 769 2523 esse.

306 2545 466 2587 Quonam
504 2551 620 2578 autem
652 2552 809 2587 tempore
832 2555 962 2586 pompa
985 2545 1090 2576 ducta
1114 2550 1220 2581 esset,
1244 2544 1272 2575 si
1297 2545 1494 2576 convivium
1521 2546 1588 2576 iam
1615 2546 1813 2587 incepisset,
1837 2556 1919 2577 cum
1951 2556 2092 2577 carmen

194 2602 396 2631 caneretur?
442 2600 503 2631 An
534 2602 700 2642 vespere?
747 2599 895 2631 Credere
923 2610 993 2630 non
1017 2609 1216 2640 possumus,
1247 2599 1312 2630 nisi
1342 2599 1432 2631 forte
1467 2610 1633 2641 pompam
1658 2600 1753 2631 illam
1780 2600 1835 2631 vel
1859 2596 1986 2639 κῶμον
2012 2610 2094 2632 cum

192 2654 345 2685 tumultu
377 2664 577 2695 magnaque
611 2665 691 2686 cum
722 2654 911 2695 petulantia
940 2654 1061 2685 urbem
1093 2654 1353 2694 perambulasse
1382 2654 1578 2685 statuimus.

293 2875 299 2894 i
476 2884 479 2885 γ
1975 2826 2251 2948 A

304 2897 323 2911 XX
2073 2912 2075 2914 η
2085 2897 2091 2901 V

341 2921 360 2933 χ
2042 2928 2045 2929 γ

320 2941 322 2948 v
363 2937 382 2948 X
1326 2939 1330 2943 ¹

1139 288 1160 319 5
