2251 2948
1969 0 2251 196 Ἴ

273 396 454 428 Eiusmodi
472 394 615 436 κώμους
636 395 670 426 h.
682 404 711 426 c.
729 395 851 426 turbas
866 394 1032 426 iuvenum
1052 395 1261 426 lascivorum
1279 395 1600 437 semigraviumque
1622 405 1685 437 per
1700 395 1774 426 vias
1791 395 1885 426 urbis
1901 395 2069 426 volitasse

160 451 299 483 etiamsi
321 460 392 482 non
415 459 596 492 negemus,
619 453 739 480 tamen
762 448 980 487 dubitamus,
1010 459 1095 480 num
1126 449 1163 481 id
1187 448 1382 481 Schmidtio
1413 456 1494 481 ante
1518 450 1637 481 oculos
1661 450 1886 481 obversatum
1915 448 1960 480 sit
1984 459 2064 481 cum

161 514 328 548 pompam
359 503 571 546 (‚,Festzug“)
594 502 757 535 convivio
786 504 996 536 successisse
1027 504 1162 536 dixerit.
1209 504 1365 546 Pompae
1393 504 1580 536 sollemnes
1611 504 1655 536 ad
1686 504 1855 546 templum
1887 504 2066 545 quoddam

161 560 387 596 ducebantur,
411 558 470 590 ubi
493 558 559 589 diis
581 556 750 589 sacrificia
772 558 837 590 rite
860 557 994 592 fierent.
1040 557 1113 591 Sed
1134 559 1221 591 haec
1236 559 1415 591 hactenus.
1462 559 1623 591 Pluribus
1646 559 1715 590 iam
1731 569 1802 591 non
1818 559 1954 591 videtur
1977 568 2069 600 opus
2230 583 2251 718 ἑ

1109 293 1129 323 6

160 624 240 646 oese
269 614 314 645 ad
338 611 521 644 Schmidtii
543 612 753 644 sententiam
781 612 1012 645 refutandam.

271 668 346 699 Iam
376 667 552 704 videmus,
591 677 684 708 quae
715 666 877 699 Schmidt
908 668 944 699 in
967 667 1103 699 Nemeo
1136 678 1229 699 nono
1260 667 1468 709 explicando
1502 677 1548 699 ex
1589 667 1870 708 monostrophica
1902 667 2068 699 carminis

161 722 276 754 forma
306 721 490 759 conclusit,
521 721 663 763 probari
691 732 764 753 non
792 732 908 764 posse.
968 722 1043 754 Nec
1073 722 1173 754 Nem.
1203 722 1269 754 IX.
1299 732 1415 764 neque
1446 722 1554 753 ullum
1591 721 1683 753 aliud
1714 721 1853 753 Pindari
1880 721 2063 763 epinicium

159 777 196 808 in
219 775 380 808 convivio
403 780 583 808 cantatum
608 780 670 809 est.
717 775 853 808 Eadem
879 776 972 808 enirn
996 777 1053 808 vel
1077 777 1201 808 similia
1223 787 1337 818 neque
1360 777 1474 808 minus
1499 776 1621 819 gravia
1644 781 1866 819 argumenta,
1891 787 1996 818 quam
2028 776 2065 808 in

161 831 205 863 N.
234 830 301 862 IX.
332 829 437 862 etiam
468 829 504 861 in
534 829 610 861 aliis
640 829 852 862 carminibus
882 830 931 862 illi
960 831 1123 862 cantandi
1155 831 1293 869 rationi,
1327 842 1432 873 quam
1459 829 1617 863 Schmidt
1652 831 1687 862 in
1710 831 1752 863 N.
1783 831 1847 863 IX.
1876 830 2066 873 proposuit,

161 889 370 927 repugnant.

270 937 398 969 Dissen
421 946 468 969 ex
491 937 608 969 verbis
630 935 1011 978 κωμάσομεν-ὄλβιον
1032 939 1063 971 ἐς
1087 939 1247 979 Χρομίου
1272 935 1362 979 δῶμ’
1384 939 1552 971 conclusit
1568 938 1768 971 Chromium
1793 938 1892 980 quasi
1912 937 2067 980 Sicyone

160 993 319 1024 Aetnam
342 992 548 1024 redeuntem
571 1002 739 1034 pompam
764 992 970 1024 sollemnem
995 993 1075 1025 inde
1099 1003 1120 1024 a
1143 993 1252 1034 portis
1271 1003 1334 1035 per
1351 993 1427 1025 vias
1451 994 1545 1025 urbis
1565 993 1705 1025 duxisse
1729 994 1773 1024 ad
1790 993 1934 1024 domum
1951 1003 2064 1024 suam.

161 1046 260 1078 Licet
275 1050 392 1077 autem
409 1044 590 1083 Pindarus,
606 1055 687 1077 eum
704 1045 880 1087 scripserit
896 1045 1114 1086 κωμάσομεν
1131 1048 1273 1086 Μοῖσαι,
1296 1047 1390 1078 illam
1407 1057 1546 1089 quoque
1561 1047 1752 1088 respexerit
1768 1056 1943 1087 pompam,
1968 1057 2063 1088 quae

161 1110 244 1132 cum
260 1100 328 1132 hoc
344 1099 498 1132 carmine
514 1093 689 1142 cantuque
704 1100 800 1131 haud
821 1100 926 1131 dubie
943 1100 1058 1141 aliquo
1075 1100 1181 1131 modo
1205 1101 1448 1143 coniungenda
1471 1101 1542 1139 fuit,
1566 1106 1684 1132 tamen
1708 1102 1815 1132 verba
1838 1111 1907 1142 qua
1929 1101 2063 1132 ratione

161 1154 290 1185 Dissen
312 1154 493 1192 intellexit,
515 1164 587 1184 non
609 1154 831 1195 percipienda
849 1159 940 1185 sunt.
988 1153 1092 1194 Quod
1115 1159 1220 1194 poeta
1244 1155 1365 1185 Musas
1388 1155 1423 1185 in
1447 1156 1568 1186 urbem
1585 1155 1739 1185 Aetnam
1764 1154 1940 1185 arcessivit
1963 1155 2063 1195 quasi
2098 1191 2104 1197 ,

161 1218 244 1239 cum
269 1217 400 1249 pompa
428 1207 589 1239 sollemni
604 1207 756 1249 Sicyone
779 1207 861 1239 illuc
884 1208 1121 1248 procedentes,
1145 1207 1312 1248 imprimis
1332 1208 1471 1250 quidem
1495 1209 1530 1240 id
1554 1208 1641 1246 fecit,
1666 1215 1704 1239 ut
1728 1209 1794 1239 hoc
1819 1218 1963 1239 carmen‘
1973 1209 2064 1239 deae

160 1262 259 1303 ipsae
282 1262 382 1304 quasi
404 1267 546 1294 nectere
570 1266 606 1293 et
630 1263 675 1293 ad
697 1261 804 1293 finem
829 1263 1019 1303 perducere
1045 1262 1245 1294 viderentur
1269 1261 1358 1303 (ἀλλ’
1385 1262 1494 1295 ἐπέων
1518 1264 1603 1304 κτλ.)
1651 1263 1798 1294 Carmen
1823 1262 1913 1293 enim
1938 1272 2065 1303 quam-

161 1316 217 1348 vis
240 1317 353 1348 multo
377 1321 460 1351 ante
483 1327 505 1348 a
528 1321 634 1358 poeta
656 1315 865 1358 perfectum,
896 1326 977 1348 cum
1009 1317 1199 1348 canebatur
1228 1327 1249 1348 a
1272 1317 1393 1354 choro,
1425 1317 1548 1349 Musae
1580 1317 1780 1349 canentibus
1812 1316 1910 1358 quasi
1939 1315 2061 1349 inflare

161 1372 380 1403 videbantur.
427 1371 509 1403 Non
532 1376 638 1412 poeta
661 1371 756 1403 solus
781 1371 844 1403 sed
868 1371 973 1402 etiam
997 1371 1184 1403 choreutae
1213 1377 1376 1404 canentes
1401 1372 1581 1404 Musarum
1612 1373 1739 1404 auxilio
1771 1373 1922 1414 egebant
1945 1381 2061 1412 neque

161 1436 235 1457 non
257 1435 402 1456 necesse
425 1434 503 1456 esse
526 1425 710 1456 videbatur
733 1425 818 1456 deas
841 1425 1002 1456 tibiarum
1027 1434 1167 1465 quoque
1191 1430 1226 1456 et
1249 1426 1460 1457 cithararum
1485 1426 1600 1457 cantui
1623 1426 1747 1456 favere.

274 1479 330 1511 Ea
353 1483 453 1511 erant
475 1479 737 1520 quodammodo
761 1478 943 1511 Musarum
967 1478 1110 1511 Aetnae
1133 1490 1287 1513 munera.
1336 1479 1452 1512 Primo
1482 1480 1587 1523 igitur
1610 1490 1712 1511 versu
1744 1485 1847 1520 poeta
1878 1489 1915 1510 se
1944 1478 2058 1520 ipsum

163 1539 201 1565 et
225 1533 430 1565 Chromium
464 1543 544 1564 cum
570 1532 682 1563 Musis
715 1543 737 1563 a
767 1533 857 1564 ludis
888 1532 1060 1574 Sicyoniis
1091 1534 1246 1564 Aetnam
1280 1533 1554 1574 proficiscentem
1588 1533 1684 1570 facit,
1719 1534 1817 1574 quasi
1851 1544 1871 1564 a
1895 1533 2062 1564 Chromio

162 1587 310 1620 victoria
333 1587 441 1618 modo
464 1590 565 1627 parta
588 1591 689 1618 esset.
737 1586 866 1628 Heyne
889 1586 950 1617 vix
974 1586 1068 1618 aliud
1091 1587 1281 1628 quidquam
1306 1588 1390 1625 vult,
1414 1598 1494 1620 cum
1518 1588 1599 1619 dicit
1624 1588 1686 1625 (ed.
1717 1588 1811 1628 1798)
1838 1589 1964 1627 κῶμον
1988 1587 2062 1618 vic-

162 1642 251 1674 toris
274 1641 355 1673 duci
378 1640 512 1683 Pythiis
535 1639 687 1682 Sicyone
711 1640 837 1672 habitis
861 1640 896 1672 in
920 1639 1072 1673 Siciliam
1097 1641 1142 1673 ad
1166 1642 1288 1673 urbem
1313 1642 1477 1674 Aetnam.

275 1695 426 1727 Dissenii
448 1694 621 1727 sententia
644 1695 783 1726 tametsi
806 1694 989 1727 Schmidtii
1012 1695 1294 1736 interpretatione
1318 1697 1422 1737 paulo
1445 1696 1654 1737 probabilior
1677 1696 1822 1734 videtur,
1846 1700 1964 1727 tamen
1988 1705 2059 1727 non

162 1751 289 1792 placet.
335 1750 453 1781 Recte
475 1749 617 1790 quidem
642 1749 724 1781 dicit
743 1749 796 1780 vir
819 1749 1048 1785 doctissimus,
1073 1759 1213 1781 carmen
1230 1749 1271 1781 N.
1288 1750 1353 1782 IX.
1377 1750 1411 1781 in
1435 1760 1564 1791 pompa
1589 1755 1765 1781 cantatum
1791 1760 1867 1781 esse
1890 1755 1929 1781 ut
1952 1759 2061 1790 pona-

161 1814 252 1841 mus,
275 1803 440 1835 inducere
462 1812 566 1843 posse
588 1813 730 1834 versum
754 1808 927 1844 quartum.
975 1803 1095 1835 Verba
1119 1803 1177 1834 illa
1201 1801 1259 1841 „ui
1284 1803 1530 1843 κρατήσιππον
1554 1802 1627 1844 γὰρ
1652 1804 1683 1835 ἐς
1707 1802 1791 1843 ἃρμ’
1817 1800 2060 1841 α’ναβαίνων“

0 1818 20 1894 Χ
161 1868 244 1890 cum
269 1857 314 1889 ad
338 1856 541 1889 Chromium
565 1855 750 1889 manifesto
774 1857 977 1898 pertineant,
1001 1867 1152 1899 pompae
1175 1867 1260 1888 sane
1284 1856 1417 1888 initium
1441 1856 1636 1899 significare
1660 1856 1830 1889 videntur.
1883 1855 2060 1888 Leutschii

0 1907 28 1947 J*-
160 1912 254 1944 enim
279 1911 527 1948 coniecturam,
557 1911 616 1951 qui
639 1911 834 1944 subiectum
858 1911 957 1943 verbi
980 1911 1198 1952 ἀναβαίνων
1222 1922 1345 1944 vocem
1365 1912 1479 1951 ὕμνος
1511 1922 1587 1943 esse
1603 1911 1697 1949 dixit,
1716 1912 1783 1943 hoc
1802 1912 1879 1943 loco
1898 1910 2065 1942 omittere—

161 1966 274 1997 liceat.
322 1965 396 1996 Nos
420 1975 500 1996 cum
517 1965 678 1997 Dissenio
698 1966 765 1997 hoc
782 1976 922 2006 quoque
939 1965 1184 2003 consentimus,
1208 1966 1303 2006 quod
1319 1965 1449 1997 ultimis
1466 1966 1615 2007 strophis
1632 1965 1829 1997 convivium
1853 1965 1888 1996 in
1905 1964 2061 1996 Chromii

161 2019 308 2050 aedibus
328 2018 505 2060 provisum
536 2018 725 2061 significari
755 2019 990 2052 arbitramur..
1031 2018 1262 2050 Concedimus
1293 2019 1398 2050 etiarn
1429 2018 1479 2056 id,
1511 2019 1606 2059 quod
1629 2019 1813 2050 Dissenius
1840 2028 1911 2050 non
1942 2017 2059 2049 verbis

159 2073 303 2114 quidem
327 2072 507 2114 expressit,
530 2073 593 2105 sed
616 2073 721 2105 tacite
750 2084 814 2115 pro
838 2079 933 2106 certo
955 2074 1092 2106 videtur
1115 2073 1312 2115 sumpsisse,
1338 2072 1548 2111 Chromium,
1573 2084 1652 2106 curn
1677 2084 1818 2106 carmen
1841 2072 2057 2105 fundendum
2240 2065 2246 2118 ζ

159 2131 307 2163 curaret,
332 2126 449 2157 omnia
472 2136 553 2158 cum
577 2127 728 2158 Pindaro
751 2128 1043 2164 communicasse,
1075 2138 1166 2167 quae
1197 2128 1242 2159 ad
1272 2128 1433 2158 carminis
1456 2128 1618 2158 cantandi
1640 2128 1810 2159 rationem
1834 2127 2060 2167 pertinerent,

159 2185 201 2212 ut
226 2185 330 2222 poeta
353 2180 526 2223 hymnum
550 2190 653 2212 suum
677 2180 771 2219 locis,
794 2181 1018 2223 temporibus,
1042 2182 1146 2214 rebus
1170 2181 1310 2214 victoris
1335 2181 1465 2223 optime
1496 2182 1724 2213 accomodare
1748 2185 1875 2223 posset.
1921 2180 2058 2212 Tamen
2234 2175 2251 2235 ξ

158 2235 330 2270 videmus,
354 2234 457 2274 „quid
480 2234 673 2265 sententiae
698 2236 729 2275 (a
747 2235 918 2275 Dissenio)
942 2236 1140 2275 propositae
1164 2237 1306 2267 obstet“.

273 2285 311 2318 Si
326 2286 453 2318 Dissen
476 2291 572 2318 recte
595 2286 724 2318 diceret
743 2287 954 2325 Chromium,
978 2298 1058 2319 cum
1083 2298 1224 2319 reverso
1248 2288 1410 2319 ludorum
1428 2287 1669 2330 Sicyoniorum
1693 2292 1851 2328 tempore
1874 2287 2056 2318 victoriam

157 2351 261 2373 suam
285 2341 385 2381 quasi
407 2346 583 2372 recentem
608 2341 806 2379 celebraret,
831 2347 997 2382 tanquam
1032 2343 1137 2373 modo
1170 2343 1333 2374 reducem
1367 2353 1387 2374 e
1420 2342 1608 2374 certamine
1641 2351 1770 2382 pompa
1802 2341 1961 2373 sollemni
1993 2351 2057 2382 per

158 2395 284 2426 urbem
309 2398 451 2425 vectum
477 2404 689 2435 carmenque
712 2395 747 2426 in
771 2405 900 2436 pompa
923 2406 945 2426 a
961 2400 1061 2435 porta
1076 2396 1228 2435 quadam
1253 2396 1297 2426 ad
1314 2395 1467 2427 Chromii
1490 2396 1634 2426 domum
1651 2395 1860 2435 procedente
1877 2400 2055 2426 cantatum

155 2458 245 2486 oese,
269 2458 359 2489 opus
383 2452 477 2480 esset
500 2452 654 2480 statuere
678 2448 866 2480 Pindarum
891 2459 1032 2481 carmen
1056 2453 1270 2491 pangentem
1301 2449 1596 2481 accuratissimam
1627 2448 1852 2491 longitudinis
1875 2448 1952 2480 viae
1975 2448 2056 2480 rati-

156 2512 264 2534 onem
288 2502 454 2533 habuisse
482 2502 809 2544 longitudinemque
839 2502 1000 2534 carminis
1030 2503 1075 2533 ad
1105 2502 1359 2544 longitudinem
1383 2503 1460 2534 viae
1489 2503 1671 2539 direxisse,
1702 2508 1741 2534 ut
1770 2502 1864 2534 initio
1894 2503 2056 2534 carminis

154 2554 293 2587 initium
317 2564 470 2596 pompae
493 2565 515 2587 a
537 2559 639 2596 porta
662 2555 815 2596 quadam
839 2555 933 2587 urbis
957 2554 1205 2596 proficiscentis
1236 2560 1272 2587 et
1302 2555 1371 2588 fine
1402 2556 1561 2587 carminis
1591 2555 1670 2588 finis
1699 2565 1850 2597 pompae
1881 2556 2055 2597 simulque

153 2608 291 2640 initium
317 2609 468 2641 convivii
493 2614 588 2641 recte
611 2609 828 2641 indicaretur.
876 2609 981 2650 Quod
1003 2609 1068 2641 nisi
1091 2608 1232 2641 fecisset
1255 2615 1367 2650 poeta,
1395 2609 1470 2641 fieri
1493 2620 1562 2641 non
1585 2610 1706 2650 potuit,
1737 2609 1820 2650 quin
1843 2609 1958 2650 aliqua
1981 2619 2055 2641 car-

152 2661 259 2694 minis
282 2671 364 2703 pars
387 2662 488 2703 quasi
510 2662 679 2694 stasimon
703 2663 881 2703 quoddam
905 2667 1094 2700 caneretur,
1122 2666 1308 2703 postquam
1333 2672 1462 2703 pompa
1486 2662 1709 2699 constitisset,
1741 2667 1802 2694 aut
1831 2662 1946 2702 aliquo
1975 2662 2055 2693 loco
